2167 3525
455 256 499 327 oa
520 259 684 326 cainone.
880 280 966 357 [aa

183 444 268 504 quam
288 436 382 487 castra
400 426 521 487 videris:
545 446 582 485 ιιι
602 427 792 503 eloquentiat
812 446 875 505 que
887 416 967 490 nulls

184 534 227 581 est
253 524 284 583 in
310 534 355 583 te:
389 534 429 597 et‚·
454 524 593 600 quidquid
614 534 658 582 est
683 524 763 583 vocis
789 544 832 583 ac
850 525 966 604 lingue,

183 638 269 679 omne
289 620 318 679 in
339 621 424 679 istum
445 621 641 697 turpissimum
662 621 813 678 calumnie
827 634 967 697 quaestum

184 718 337 777 contulisti.
378 718 426 777 Tu
451 720 546 777 lucem
570 720 698 795 aspicere
723 720 830 777 audes?
860 730 892 778 tu
913 720 968 779 bos

151 822 168 872 5
183 815 308 873 intuerit
328 825 358 872 tu
374 814 403 873 in
418 815 490 887 soro,
505 825 535 872 tu
552 816 580 873 io
595 817 675 888 orbe,
689 826 721 874 tn
735 815 764 874 in
778 815 884 873 civium
900 832 966 875 esse

183 913 357 988 conspectat
378 920 409 968 tu
423 910 500 969 illam
515 921 667 985 mortuam,
680 923 712 970 tu
726 912 867 993 imagines
881 913 966 989 ipsas,

181 1025 241 1066 non
260 1008 474 1083 perhorrescis?
494 1009 598 1084 quibus
617 1028 676 1067 non
701 1010 789 1067 modo
809 1008 966 1082 imitandis,

182 1104 232 1162 sed
256 1123 293 1162 ne
317 1104 493 1163 collocandis
521 1096 646 1180 quidem,
672 1106 726 1164 tibi
752 1106 842 1164 ullum
868 1106 966 1165 locum

182 1200 352 1277 reliquisti'*

136 1404 166 1455 10
220 1392 297 1455 LVI.
329 1394 387 1453 Sed
407 1395 470 1454 haec
489 1394 601 1473 tragica
622 1404 706 1471 atque
732 1396 844 1455 divina:
871 1396 966 1458 laceto
1073 1383 1074 1386 Ἴ

183 1498 278 1551 autem
298 1502 327 1550 et
347 1493 457 1551 urbana
476 1492 696 1550 innumerabilia
715 1510 751 1549 err
770 1494 829 1551 und
849 1502 966 1551 conten·
1048 1522 1053 1531 ·

181 1589 261 1646 tione
282 1589 466 1647 meministis:
494 1608 550 1647 nec
570 1590 647 1647 enim
674 1589 779 1647 concio
806 1590 896 1667 major
914 1608 967 1647 un·

183 1702 268 1760 qnam
295 1684 357 1755 fuit,
378 1704 432 1742 neo
460 1686 534 1760 apud
562 1687 696 1762 populum
723 1686 836 1763 gravior
862 1686 965 1754 oratio,

182 1799 267 1856 quarn
287 1779 370 1856 hujus
390 1790 490 1838 contra
510 1780 650 1857 collegam
672 1782 701 1837 in
722 1782 844 1839 censurat
863 1801 964 1858 nuper,

135 1881 166 1932 15
182 1894 275 1951 neque
289 1875 385 1952 lepore
399 1885 428 1932 et
442 1876 594 1933 festivitate
608 1876 759 1934 conditior.

219 1972 321 2035 Quare
347 1970 410 2044 tibi,
434 1970 555 2042 Antoni,
582 1981 735 2047 utrumque
761 1973 908 2047 assentior,
935 1985 966 2034 et

182 2069 301 2128 multum
315 2068 433 2126 facetias
447 2068 476 2125 in
491 2068 614 2126 dicendo
626 2069 761 2144 prodesse
774 2089 859 2146 sape,
873 2080 902 2129 et
914 2089 966 2130 ees

183 2180 243 2228 arte
268 2169 348 2227 nullo
375 2167 458 2226 modo
488 2184 572 2245 posse
603 2166 687 2226 tradi.
740 2167 816 2227 Illud
849 2170 965 2246 quidem

183 2267 316 2338 admiror,
330 2277 359 2324 te
372 2265 457 2324 nobis
471 2264 499 2322 in
514 2283 550 2321 eo
564 2283 669 2342 genere
688 2265 822 2325 tribuisse
841 2277 964 2340 tantam,
1070 2264 1071 2331 l

134 2371 167 2423 20
182 2372 211 2421 et
224 2381 283 2420 non
302 2350 387 2439 hujus
406 2363 448 2419 rei
469 2381 583 2437 quoque
601 2363 735 2438 palmam,
749 2377 781 2420 ut
793 2374 964 2436 ceterarum,

182 2459 286 2518 Crasso
306 2457 449 2516 detulisse.
490 2457 569 2514 Tum
591 2459 746 2529 Antonius,
760 2459 825 2535 Ego
837 2477 906 2516 aero
924 2459 965 2518 ita

94 2627 98 2636 .
182 2556 323 2626 fecissem,
343 2553 442 2629 inquit,
464 2553 518 2610 nisi
546 2553 699 2625 interdum,
721 2554 750 2612 in
771 2555 838 2625 hoc,
857 2555 964 2614 Crasso

180 2651 297 2730 paulum
318 2650 489 2708 inviderem:
517 2667 584 2706 narn
603 2669 666 2707 esse
687 2647 815 2725 qnamv'is
838 2649 963 2710 facetum

183 2761 266 2826 atquc
286 2747 400 2818 salsum,
414 2765 474 2803 non
494 2745 581 2803 nimis
600 2755 643 2804 est
661 2765 712 2822 per
731 2765 762 2803 se
783 2745 875 2823 ipsum
892 2747 964 2805 invi·

135 2847 167 2900 25
182 2845 323 2904 dandum:
344 2843 404 2916 sed,
419 2861 485 2900 curn
499 2843 625 2901 omniurn
647 2843 686 2900 sis
705 2841 921 2902 venustissimus
932 2855 964 2904 et

181 2942 397 3014 urbanissimus,
412 2940 540 2998 omnium
560 2939 756 3017 gravissimum
774 2951 804 2998 et
820 2936 964 3000 severissi-

182 3055 261 3101 mum
275 3047 304 3100 et
317 3055 381 3099 erse
394 3048 424 3097 et
437 3037 526 3098 videri
540 3036 631 3116 (quod
644 3037 692 3097 isti
706 3037 828 3119 contigit
841 3038 917 3122 uni),
931 3037 962 3102 id
1066 3106 1067 3113 χ
