2167 3525
145 292 236 354 nau]
415 294 468 341 nn
489 292 651 341 οιιιιοιιε.
930 280 971 341 87

143 442 214 514 lum,
238 438 329 500 virum
355 442 434 501 omni
459 441 545 501 laude
566 453 756 519 praestantem,
780 460 847 500 cum
869 439 925 498 sibi

143 556 204 597 non
218 538 389 597 incolumem
404 539 557 611 fortunam,
572 540 622 597 sed
642 540 772 598 exsilium
785 549 814 596 et
827 538 924 615 sugam

144 634 355 717 deprecaretur,
381 654 444 692 csse
476 647 620 708 coactum,
648 646 680 695 ut
711 636 769 693 vital
801 653 833 692 ac
864 633 925 711 ipae

144 730 275 807 privaret.
316 730 382 788 Jam
402 730 444 789 M.
469 732 590 789 Antonii
610 732 640 789 in
661 732 705 789 his
725 730 794 807 ipsis
815 730 924 799 rostris,

145 818 176 884 ln
190 826 291 901 quibus
305 826 353 885 ille
366 827 570 903 rempublicam
585 826 813 885 constantissime
826 824 926 883 consul
938 832 956 881 5

145 920 319 994 defenderat,
333 940 460 998 quasque,
468 940 567 980 censor
581 921 770 997 imperatoriis
784 920 926 978 manubiis

143 1018 268 1088 ornarat,
289 1019 414 1094 positum
434 1030 520 1093 caput
546 1017 616 1075 illud
643 1017 706 1090 snit,
727 1036 819 1094 aquo
844 1023 926 1075 orant

144 1113 297 1171 multorum
319 1113 424 1171 civium
445 1114 539 1188 capita
566 1124 682 1171 servata.
736 1112 839 1189 Neque
858 1130 926 1170 vero

143 1209 229 1287 longe
258 1211 293 1267 ab
319 1228 355 1267 eo
382 1209 416 1267 C.
444 1209 515 1267 Julii
542 1220 638 1286 capnt,
665 1210 784 1286 hospitis
810 1206 926 1267 Etrusci

126 1305 254 1363 scelere
279 1306 432 1381 proditum,
460 1324 527 1363 cum
554 1306 587 1363 L.
615 1304 686 1363 Jnlii
712 1304 806 1363 fratris
833 1306 972 1381 capitelli

142 1400 244 1478 jacuit,
259 1410 290 1457 ut
310 1400 367 1471 ille,
381 1401 430 1476 qui
449 1400 511 1457 bac
530 1420 589 1457 non
609 1401 689 1472 vidit,
703 1411 732 1458 et
744 1401 847 1458 vixisse
860 1419 926 1458 cum

145 1496 294 1573 republicis
320 1497 434 1572 pariter,
455 1507 484 1554 et
504 1516 570 1553 cum
590 1496 640 1553 itta
660 1496 744 1553 simul
771 1497 927 1555 exstinctus

146 1610 210 1651 esse
231 1592 365 1650 videatur.
406 1592 509 1667 Neque
530 1593 606 1649 enim
626 1593 813 1669 propinquum
832 1608 925 1664 snum,

147 1688 263 1747 maximi
284 1688 371 1747 animi
391 1690 493 1762 virum,
513 1688 545 1747 P.
561 1689 705 1762 Crassum,
722 1688 822 1766 sniapte
842 1689 926 1748 inter·

147 1786 253 1844 fectum
267 1805 363 1858 manu,
377 1805 470 1862 neque
484 1786 603 1863 collegas
615 1786 670 1858 sui,
684 1786 826 1862 pontificis
840 1788 928 1844 maxi·
942 1795 973 1844 15

145 1881 196 1954 mi,
210 1883 349 1960 sanguine
362 1883 546 1940 simulacrum
559 1881 655 1941 Vestae
674 1901 834 1960 respersum
853 1902 926 1955 esse,

145 1978 232 2039 vidit:
253 1978 301 2036 cui
322 1979 435 2036 moerori
456 1978 526 2056 (qui
553 1990 649 2038 mente
675 1979 723 2037 ille
750 1979 780 2036 in
806 1978 928 2056 patriam

146 2073 213 2154 suit)
234 2075 321 2133 etiam
347 2074 381 2132 C.
403 2074 554 2146 Carbonis,
579 2075 768 2133 inimicissimi
794 2074 927 2145 bominis,

135 2171 250 2227 ¹eodem
271 2170 319 2228 illo
338 2170 385 2226 die
405 2189 480 2227 mors
500 2170 609 2227 nefaria
629 2170 736 2228 fnisset.
777 2168 845 2227 Non
859 2169 930 2226 vidit

148 2283 248 2324 eornm
269 2264 404 2341 ipsorum,
422 2265 474 2339 qui*
490 2274 552 2321 tum
573 2265 768 2322 adolescentes
780 2266 885 2324 Crasso
898 2284 929 2322 se
943 2278 975 2328 m

148 2361 289 2432 dicarant,
310 2359 460 2418 horribiles
479 2360 654 2434 miserosque
674 2378 765 2419 casus.
806 2359 851 2418 Ex
869 2362 930 2437 qni·

149 2459 203 2515 bus
229 2456 263 2515 C.
285 2456 380 2529 Cotta,
408 2475 493 2532 quem
520 2455 568 2515 ille
594 2456 740 2517 florentem
766 2457 929 2533 reliquerat,

148 2553 247 2631 paucis
267 2552 368 2611 diebus
387 2562 451 2629 post
470 2563 589 2610 mortem
610 2553 707 2612 Crassi
727 2553 860 2631 depulsus
878 2573 929 2630 per

150 2649 287 2708 invidiam
307 2649 462 2721 tribunatu,
483 2668 542 2707 non
561 2650 658 2708 multis
682 2650 717 2708 ab
743 2670 778 2710 eo
803 2660 930 2726 tempore

149 2745 295 2804 mensibus
317 2746 427 2822 ejectus
447 2755 491 2803 est
513 2765 530 2802 e
554 2746 676 2804 civitate.
718 2746 864 2822 Sulpicius
884 2759 976 2809 ata-25

149 2853 217 2913 tem,
236 2842 284 2919 qui
305 2842 334 2900 in
354 2842 455 2900 eadem
476 2842 589 2899 invidias
609 2841 723 2900 flammi
743 2843 850 2914 luisset,
871 2843 931 2918 qui·

150 2936 271 2994 buscum
290 2937 416 3012 privatus
435 2936 672 3013 conjunctissime
691 2938 807 3007 vixerat,
828 2938 881 2994 hos
900 2938 930 2993 in

151 3031 297 3090 tribunatu
316 3033 438 3108 spoliare
457 3032 581 3090 institnit
599 3032 678 3089 omni
701 3031 857 3108 dignitate:
883 3030 931 3087 cni
