2167 3525
123 392 214 451 Lau]
402 392 444 439 na
466 392 627 439 onnaonu.
889 383 945 443 149

122 540 259 611 dixerim3
283 540 454 617 Charybdim
465 542 606 613 bonorum,
620 544 779 618 voraginem
791 543 899 619 potius:

123 636 236 696 Pacilius
256 638 332 695 onim
353 640 387 697 ad
401 657 436 695 ea
449 658 511 712 qum
525 640 594 710 visa,
609 658 692 714 quam
714 640 819 697 odilla
838 647 900 715 qua

124 734 221 791 audita
234 744 308 804 sunt,
322 735 424 792 mentia
438 735 515 792 oculi
528 736 665 793 seruntur.
706 736 754 807 Et,
768 738 901 811 quoniam

124 830 186 887 hmo
200 830 242 887 vel
257 848 372 887 summa*
386 831 448 889 laus
468 841 511 888 est
530 832 623 888 verbis
642 829 854 903 transferendis,
871 842 920 894 ut,

123 944 237 983 sensum
258 926 339 984 satiat
358 926 396 998 id,
412 928 486 1002 quod
507 928 673 985 translatum
694 930 747 998 sit;
767 929 933 1005 fugiendao

122 1030 166 1077 eat
179 1020 272 1077 omnis
285 1020 429 1096 turpitudo
442 1036 539 1079 aarum
553 1041 657 1093 rarum,
673 1022 706 1079 ad
721 1042 791 1097 quas
804 1041 902 1081 eorum

124 1116 241 1187 animos,
264 1116 312 1191 qui
340 1116 468 1188 audiunt,
489 1117 581 1174 trahet
608 1117 771 1175 similitudo.
824 1118 902 1175 Nolo

123 1219 214 1266 morte
241 1210 299 1267 dioi
327 1210 456 1267 Altioani
484 1220 638 1268 castratam
665 1230 726 1269 ease
752 1212 902 1287 rempubli-

124 1317 204 1360 oam:
225 1303 293 1360 nolo
313 1312 417 1361 stemus
438 1306 522 1361 coria
542 1303 600 1362 dioi
613 1306 787 1363 Glauciam:
807 1323 903 1380 quam·

124 1400 166 1457 vis
193 1400 229 1457 sit
256 1400 357 1472 simile,
381 1411 477 1458 tamen
500 1412 543 1459 est
570 1402 600 1459 iu
625 1412 746 1477 utroque
769 1402 903 1458 deformis
918 1406 947 1455 1o

124 1478 262 1571 cogitatio
289 1496 488 1555 'similitudinia
545 1498 624 1554 Nolo
649 1516 712 1553 esse
739 1507 788 1555 aut
813 1497 903 1573 majus

124 1610 208 1666 quam
223 1608 268 1647 res
283 1593 415 1667 postulet,
435 1593 594 1669 Tempestas
615 1593 833 1657 comissationis:
855 1604 903 1651 aut

125 1688 418 1781 ωὶιιυε.,οωῂίεεαέὶυ
436 1691 613 1766 tmmestatis.
665 1690 743 1749 Nolo
761 1708 824 1748 eaao
844 1708 904 1747 ver·

125 1784 193 1841 bum
221 1787 367 1862 angustius
393 1787 422 1843 id
449 1788 524 1862 quod
550 1789 715 1845 tnanalatum
746 1787 792 1859 ait,
818 1806 902 1864 quam

125 1879 224 1939 fuisset
238 1881 307 1939 illud
321 1883 464 1960 proprium
480 1901 514 1941 ao
528 1903 626 1941 suum:
918 1891 948 1940 15
1007 1894 1013 1905 ‘

179 2031 194 2058 “
204 2027 329 2086 Quidnam
339 2034 386 2090 eat,
396 2029 512 2077 obsecro?
529 2029 587 2092 quid
597 2035 622 2077 ta
632 2031 694 2078 adiri
704 2031 808 2079 abnutas
815 2035 825 2079 ?
833 2033 848 2053 ”
859 2093 862 2096 ἢ

125 2169 227 2226 melius
241 2182 325 2242 esset,
339 2179 426 2245 votas,
438 2172 578 2248 prohibes,
592 2172 746 2230 absterres:
768 2173 902 2248 quoniam

125 2264 173 2322 ille
187 2265 305 2337 dixerat,
370 2341 373 2348 1
475 2267 478 2274 ’

151 2415 167 2443 “
176 2412 246 2461 Illioo
256 2413 321 2475 latio,
331 2427 363 2460 ne
374 2413 488 2478 oontagio
498 2428 555 2462 mea
563 2413 642 2475 bonia
652 2414 778 2477 umbrave,
788 2415 876 2464 obsit.‘’

164 2557 260 2632 Atque
293 2556 388 2628 etiam,
415 2557 439 2614 si
470 2555 593 2630 vereara,
619 2577 657 2615 ne
687 2559 773 2634 paulo
806 2549 947 2618 duriorao

124 2654 271 2712 translatio
285 2673 347 2714 esse
361 2654 498 2728 videatua,
511 2653 666 2712 mollienda
685 2664 737 2728 est,
751 2656 903 2732 praeposito

123 2770 198 2827 sape
225 2736 326 2810 verbo:
361 2762 393 2808 ut
418 2750 442 2808 si
469 2751 548 2822 olim,
575 2749 616 2808 M.
644 2750 755 2808 Catone
780 2762 901 2825 mortuo,

117 2849 260 2924 pupillum
279 2858 408 2906 sonatum
433 2848 495 2922 quis
521 2847 652 2904 relictum
678 2847 797 2918 diceret,
816 2848 902 2924 paulo

124 2943 239 3013 durius;
268 2945 321 3014 sin,
342 2952 374 3000 ot
399 2944 443 3000 ita
469 2943 571 3013 dicam,
586 2943 737 3018 pupillum,
758 2942 901 3018 aliquanto

124 3037 230 3096 mitius.
270 3039 384 3096 Etenim
399 3038 559 3096 verecunda
574 3038 658 3094 (lebet
671 3056 733 3094 osse
746 3039 900 3111 translatio,
913 3041 945 3092 at

125 3145 156 3192 ut
170 3133 293 3193 deductu
307 3135 337 3190 iu
351 3133 475 3192 alienum
487 3134 593 3206 houm,
607 3150 665 3193 uon
677 3132 802 3206 inuisae,
817 3144 901 3210 atque

360 3229 424 3288 13*
