2167 3525
144 254 236 316 nm]
425 256 467 303 na
489 256 650 333 canrosa
907 248 961 316 111

134 406 193 480 'qui
219 390 422 478 Xenocratem,
445 406 564 465 Polemo
588 417 618 465 et
644 406 765 465 Crantor
787 407 857 466 nihil
882 408 917 465 ab

145 502 311 574 Aristotele,
332 502 386 578 qui·
399 502 456 561 unia
477 504 604 562 audierat
626 504 782 577 Platonem,
802 523 917 586 magno·

145 616 213 673 pere
227 598 373 656 dissensit:
394 598 477 675 copia
492 598 618 671 sortasse,
632 609 660 657 et
673 600 806 659 varietate
822 600 918 658 dicen·

146 694 185 765 di,
205 714 286 771 pares
306 714 363 752 nou
383 695 504 753 suerunt.
555 696 699 753 Arcesilas
717 697 849 772 primum,
869 696 917 773 qui

145 789 325 849 Polemonem
353 791 488 863 audierat,
509 786 545 849 eri
566 791 652 849 variis
677 791 803 850 Platonis
827 792 947 865 libris,5

145 886 375 963 sermonibusque
396 886 560 958 Socraticis,
574 888 630 944 hoc
649 888 770 945 maxime
790 888 915 965 arripuit,

132 982 214 1040 nihil
234 1001 297 1039 esse
317 982 397 1054 certi,
419 983 494 1058 quod
507 994 565 1041 *aut
592 984 720 1042 sensibus
747 994 795 1043 aut
822 986 916 1043 animo

142 1080 251 1157 percipi
276 1082 377 1159 possit:
411 1100 493 1158 quem
526 1081 629 1153 serunt,
659 1083 763 1140 eximio
794 1084 916 1160 quodam

143 1195 226 1235 usum
259 1178 354 1253 lepore
380 1178 503 1249 dicendi,
531 1188 707 1253 aspernatum
737 1197 800 1237 esse
831 1198 916 1236 omne

144 1273 231 1331 animi
243 1274 396 1353 sensusque
407 1274 556 1351 judicium,
566 1274 742 1351 primumque
753 1274 915 1346 instituisse,
930 1276 961 1327 1⁰

144 1369 317 1446 (quanquam
343 1370 372 1427 id
399 1370 451 1427 suit
477 1370 655 1427 Socraticum
687 1370 821 1449 maxime)
848 1389 915 1442 nou,

143 1465 212 1540 quid
238 1464 297 1540 ipse
323 1465 448 1537 sentiret,
476 1466 641 1534 ostendere3
675 1467 726 1523 sed
752 1476 851 1525 contra
876 1466 915 1539 id,

143 1561 218 1635 quod
234 1561 350 1636 quisque
364 1578 394 1617 se
408 1560 511 1617 sentire
525 1560 650 1631 dixisset,
663 1560 813 1636 diqrutare.

183 1655 262 1713 Hinc
282 1656 343 1713 haec
366 1656 506 1713 recentior
532 1656 690 1714 Academia
714 1657 863 1729 emanavit,
884 1656 914 1714 iu

142 1752 198 1830 qud
224 1752 329 1811 exstitit
354 1751 450 1810 divinia
476 1752 597 1829 quddam
630 1752 775 1810 celeritate
806 1752 913 1832 ingenii
929 1756 960 1810 15

141 1849 312 1925 dicendique
339 1849 420 1926 copid
450 1849 626 1920 Carneadem
660 1850 742 1926 cujus
773 1869 828 1928 ego
859 1851 912 1908 etsi

141 1947 245 2004 multos
266 1947 407 2004 auditores
426 1946 548 2024 cognovi
575 1947 704 2020 Athenis,
729 1957 824 2005 tamen
848 1967 913 2006 auc·

141 2053 217 2102 tores
243 2043 414 2101 certissimos
438 2043 554 2100 laudare
578 2061 703 2118 possum,
730 2053 758 2100 et
783 2061 913 2100 socerum
981 2079 987 2088 -

142 2156 236 2198 meum
250 2139 415 2210 Scaevolam,
429 2139 477 2212 qui
491 2155 556 2194 eum
569 2138 670 2196 Rome
685 2137 790 2195 audivit
808 2138 914 2195 adoles·

142 2253 220 2306 cens,
248 2243 276 2292 et
306 2232 346 2294 Q.
374 2232 531 2304 Metellum,
562 2232 594 2289 L.
622 2232 721 2304 lilium,
748 2232 913 2290 familiarem
926 2243 958 2294 2)

142 2349 246 2403 meum,
268 2329 454 2388 clarissimum
475 2328 575 2400 virum,
594 2329 642 2402 qui
663 2327 741 2385 illum
762 2347 779 2386 a
797 2347 827 2386 se
847 2330 913 2387 ado-

140 2427 265 2486 lescente
279 2425 410 2495 Athenis,
422 2424 481 2500 jam
495 2423 625 2482 affectum
641 2434 795 2498 senectute,
809 2425 913 2484 multos

142 2523 202 2582 dies
217 2523 342 2582 auditum
355 2539 417 2580 esse
430 2520 552 2579 dicebat.

179 2715 262 2774 XIX.
293 2713 366 2773 Haec
381 2723 484 2785 autem,
497 2722 529 2771 ut
542 2713 742 2795 ex'Apenninc
754 2712 910 2787 fluminum,

141 2801 184 2870 sic
198 2831 232 2869 ex
245 2811 388 2870 communi
409 2809 578 2886 sapientium
594 2809 674 2886 jugo,
687 2819 753 2867 sunt
773 2809 912 2868 doctrina·
925 2826 957 2876 25

142 2927 204 2965 rum
230 2907 305 2966 facta
330 2907 456 2980 divortia,
476 2916 508 2964 ut
534 2905 702 2981 philosophi,
722 2915 855 2981 tauquam
881 2905 911 2965 in

142 3021 275 3082 superum
288 3021 364 3062 mare
384 3003 497 3061 Ionium
508 3000 672 3076 defluerent,
682 3002 814 3060 Graecum
825 3002 913 3080 quod·
