2167 3525
135 278 216 349 tri]
419 288 461 337 ne
483 290 644 337 onnronn.
916 278 962 337 -75

136 455 302 514 oppressum
335 458 400 499 onrn
434 440 492 498 onis
525 440 676 498 interiisse.
731 438 818 501 Quos
849 455 917 497 oum

136 535 255 594 humare
278 536 380 595 vellent
404 537 457 609 sui,
479 555 573 612 neque
593 545 711 612 possent
733 535 853 593 obtritos
875 534 918 592 in·

128 639 300 689 ·ternoeoere
319 632 377 690 ulio
397 633 493 703 modo,
515 631 678 689 Simonides
697 630 811 702 dieitur,
827 648 865 688 ex
882 648 918 687 eo

137 726 214 801 quod
228 728 412 799 meminisset,
426 746 483 804 quo
496 746 596 785 eorum
609 727 675 785 looo
694 726 813 803 quisque
829 726 917 783 oubu·

138 823 214 894 isset,
229 823 435 882 demonstrator
455 825 680 901 uniuscujusque
699 822 856 899 sepeliendi
876 822 946 881 too

137 917 201 977 isse.
255 918 321 977 Hae
341 930 453 977 tumre
474 919 635 978 admonitus
654 918 798 977 invenisse
818 918 917 990 fertur,

136 1015 265 1073 ordinem
298 1034 361 1073 esse
393 1016 529 1088 maxime.
559 1016 608 1091 qni
622 1039 625 1043 ·
641 1016 784 1074 memorie
808 1012 917 1072 'lumen

136 1112 256 1171 efferret.
297 1112 397 1188 Itaque
425 1112 469 1185 iis,
497 1112 547 1188 qui
572 1112 651 1169 hano
667 1122 781 1189 portem
807 1109 916 1189 ingenii

135 1219 313 1281 exercerent,
340 1209 419 1267 looos
447 1228 509 1267 esee
536 1208 701 1284 capiendos,
728 1218 757 1265 et
782 1227 827 1279 eo,
853 1226 916 1283 quae

135 1305 275 1363 memorid
294 1316 392 1364 tenere
412 1305 525 1378 vellent,
539 1305 701 1382 effingenda
713 1304 818 1375 animo,
833 1312 962 1380 atquem

136 1402 166 1458 in
190 1401 235 1458 his
258 1401 331 1459 loois
357 1401 542 1471 collocande3
574 1401 616 1457 sio
642 1400 703 1456 fore
729 1409 761 1455 ut
786 1398 917 1456 ordinem

135 1516 231 1555 rerum
257 1496 385 1555 looorum
411 1497 482 1554 ordo
514 1505 711 1565 conservarem
743 1512 790 1551 ree
823 1504 917 1553 antem

137 1593 213 1669 ipsas
234 1610 328 1650 rerum
348 1592 456 1669 effigies
479 1601 599 1663 notaret,
621 1602 705 1665 etque
723 1600 756 1649 ut
773 1590 847 1649 looie
865 1608 917 1666 pro

138 1689 214 1760 oerd,
229 1688 389 1747 simulaoris
401 1707 453 1766 pro
465 1686 566 1760 literis,
580 1698 730 1745 uteremur.

176 1881 358 1941 Lxxxvtl.
387 1881 451 1945 Qui
471 1882 508 1940 sit
528 1894 622 1940 autem
642 1881 748 1940 oratori
771 1882 916 1940 memorie
931 1893 962 1942 15

137 1979 256 2051 fruetus,
282 1989 388 2056 quanta
412 1979 530 2052 utilitas,
557 1988 662 2055 quanto
689 1978 741 2051 vie,
769 1979 837 2055 quid
870 1996 917 2048 me

139 2077 238 2134 attinet
252 2076 367 2134 dioeret
387 2085 485 2134 tenere
505 2095 572 2151 qnae
581 2075 717 2132 didioeris
730 2076 761 2132 in
776 2075 918 2151 nooipien·

138 2173 175 2232 dt
194 2172 292 2244 causi,
306 2191 369 2247 quae
390 2172 450 2247 ipse
469 2171 626 2248 eogitdriet
645 2189 746 2228 omnes
765 2170 835 2227 tinne
854 2188 918 2227 esee

127 2269 168 2326 *in
189 2268 283 2326 animo
302 2267 477 2325 sententias?
497 2285 613 2323 omnem
632 2265 806 2341 descriptum
820 2266 918 2323 verbo-

137 2383 200 2423 rum
235 2365 426 2440 apparatumt·
450 2363 491 2420 ito
524 2361 623 2419 audire
655 2361 698 2420 vel
732 2379 807 2433 euro,
841 2362 917 2420 unde
930 2373 963 2425 m

138 2462 241 2533 diseas,
261 2461 304 2518 rel
331 2475 407 2531 eum,
428 2459 477 2517 ooi
503 2458 732 2535 respondendnm
758 2458 804 2531 sit,
824 2468 856 2516 nt
875 2458 918 2517 illi

137 2577 195 2616 non
216 2557 365 2616 infundere
385 2556 415 2613 in
437 2573 518 2613 eures
539 2564 603 2612 tuae
618 2554 796 2626 orationem,
816 2554 918 2614 sedin

138 2654 233 2712 animo
253 2653 402 2711 videantur
429 2651 605 2710 inscribere?
658 2650 759 2726 Itaque
785 2649 847 2721 soli,
867 2649 918 2725 qui

137 2750 273 2810 memorii
300 2749 406 2826 vigent,
433 2748 537 2820 soiunt,
564 2747 642 2823 qnid,
663 2756 692 2804 et
717 2746 868 2822 quetenue,
888 2755 937 2804 et.

108 2839 112 2850 '
137 2847 289 2922 quomodo,
310 2844 414 2903 dioturi
440 2844 507 2917 sint,
528 2843 597 2919 quid
622 2842 829 2920 responderint,
849 2841 917 2918 quid
930 2855 963 2906 25

138 2943 275 3020 eupereit:
310 2941 452 3018 iidemque
481 2940 571 2998 multe
597 2958 633 2997 ex
659 2939 722 2998 eliis
747 2939 842 2998 oensis
869 2938 918 2997 nli·
