2167 3525
157 320 198 381 80
477 330 520 377 nn
541 328 704 376 onnronn
905 324 987 385 [nn

205 477 251 554 (ut
272 478 375 559 aiunt),
403 479 456 536 iste
484 496 625 555 spuero,
646 495 758 535 summo
784 475 889 546 studio,
910 492 990 538 sum·

203 574 258 631 mis
277 575 451 633 doctoribus.
502 574 583 631 Nihil
609 574 703 631 dicam
726 573 763 630 de
786 572 915 650 ingenio,
928 570 989 634 ¹cui

203 688 253 746 pur
274 689 359 729 uerno
379 671 448 729 firit:
476 672 582 729 etenim
603 689 650 727 me
671 670 814 727 dicentem
837 668 887 743 qui
908 666 990 725 audi·

204 768 267 839 crit,
295 786 380 825 nemo
407 786 530 842 unquem
564 777 622 824 tam
655 766 700 823 sui
733 765 896 841 despiciens
923 763 988 833 sirit,

174 862 271 937 oquin
305 872 431 938 speraret
459 872 506 920 cut
539 861 650 933 melius,
679 870 728 918 cut
753 860 855 917 eodem
888 859 988 929 modo,

204 977 235 1016 se
261 977 344 1035 posse
372 959 484 1016 dicere:
519 958 626 1016 Crasso
658 957 783 1028 dicente,
810 974 896 1013 nemo
928 965 990 1012 tem

205 1073 350 1133 arrogans,
377 1054 426 1130 qui
458 1054 588 1112 similiter
621 1072 652 1112 se
684 1066 809 1128 unquam
842 1052 991 1109 dicturum

205 1170 267 1209 csse
300 1153 463 1211 confideret.
522 1151 730 1221 Quamobrem,
757 1168 794 1207 ne
827 1149 932 1206 frustra
958 1148 991 1208 bi

205 1249 276 1306 tales
297 1249 349 1307 viri
372 1248 510 1320 venerint,
534 1262 563 1305 te
588 1246 747 1322 aliquando,
772 1244 885 1317 Crasse,
910 1244 991 1303 sudi·

160 1359 191 1410 10
207 1364 294 1405 amus.

246 1539 311 1598 XC.
342 1539 419 1597 Turn
444 1539 501 1610 iile,
524 1538 564 1597 Ut
587 1538 627 1596 ita
650 1539 704 1595 iste
729 1556 793 1594 esse
819 1536 991 1608 concedam,

208 1636 309 1711 inquit,
325 1636 445 1706 Antoni,
459 1654 521 1711 quae
542 1647 608 1692 sunt
627 1635 713 1711 longe
729 1652 821 1705 secus,
836 1633 904 1709 quid
919 1633 992 1691 mihi

207 1741 238 1789 tu
252 1733 367 1790 tandein
381 1731 476 1804 hodie,
491 1741 539 1790 nut
554 1732 687 1807 cuiquam
706 1730 825 1804 homini,
840 1729 917 1806 quod
930 1730 993 1790 dici

205 1829 303 1904 possit,
318 1829 476 1902 reliquisti?
516 1829 620 1885 Dioum
638 1828 715 1884 enim
732 1847 808 1899 vere,
823 1827 992 1885 amicissimi

127 1953 128 1958 κ
164 1937 192 1986 15
206 1923 346 1995 homines,
361 1923 435 1998 quod
447 1923 560 1981 sentio:
582 1943 657 1999 saepe
676 1941 732 2000 ego
745 1923 846 1981 doctos
860 1924 993 1981 homines

195 2064 214 2082 ..
236 2064 242 2077 .
265 2063 271 2077 .
294 2065 300 2078 .
322 2018 390 2095 quid
404 2020 481 2091 dico,
496 2027 514 2052 “
524 2038 598 2095 saepe
606 2022 643 2076 ”i
664 2020 753 2077 immo
765 2039 991 2095 nonnunquam:

208 2115 297 2192 (saepe
317 2116 393 2174 enim
415 2115 462 2191 qui
483 2117 573 2192 potui,
587 2116 635 2191 qui
655 2134 725 2191 puer
746 2117 776 2174 in
796 2117 888 2174 forum
907 2135 992 2176 vene·

207 2212 271 2285 rim,
286 2233 379 2289 neque
395 2213 462 2270 inde
482 2232 607 2288 unquam
627 2213 744 2285 diutius,
759 2233 842 2289 quam
857 2225 991 2289 quaestor,
1068 2218 1069 2223 ’

73 2344 83 2381 ,
208 2309 345 2368 abfuerim
355 2312 381 2390 i)
410 2311 458 2367 sed
486 2320 584 2367 tamen
612 2310 717 2382 audivi,
742 2309 790 2387 (ut
819 2311 880 2367 heri
913 2311 993 2369 dioe-

161 2412 193 2462 20
206 2405 286 2480 bam)
301 2415 330 2463 et
350 2405 472 2462 Athenis
492 2425 559 2463 curn
579 2425 681 2478 essem,
702 2406 884 2464 doctissimos
904 2407 992 2480 viros,

207 2509 236 2556 et
256 2499 286 2556 in
307 2500 379 2559 Asin
399 2500 484 2556 istum
504 2501 597 2575 ipsum
616 2502 765 2576 Scepsium
780 2501 992 2579 Metrodorum,

208 2611 273 2651 cum
294 2595 331 2652 de
351 2595 395 2653 his
415 2593 484 2669 ipsis
504 2595 589 2652 rebus¹
608 2596 781 2672 disputaret:
808 2616 903 2674 neque
923 2619 993 2659 vero
1067 2654 1068 2657 ,

206 2690 278 2748 mihi
311 2691 459 2767 quisquam
492 2689 637 2766 copiosius
668 2711 794 2766 unquam
827 2695 905 2754 visus
937 2707 992 2770 est,
1067 2670 1068 2683 χ

206 2803 300 2862 neque
327 2786 468 2858 subtilius,
489 2786 519 2844 in
539 2787 596 2843 hoc
619 2805 725 2864 genere
751 2789 877 2861 dicendi,
905 2811 993 2867 quarn

161 2897 193 2946 z
207 2881 260 2940 iste
286 2883 382 2955 hodie,
409 2901 472 2940 esse
499 2891 632 2941 versutus.
685 2882 775 2945 Quod
795 2885 820 2942 si
844 2898 918 2945 esset
943 2889 993 2947 uli·
1066 2878 1067 2917 ³

207 2987 260 3053 ter,
280 2990 310 3039 et
330 2979 436 3057 aliquid
456 2978 646 3057 intelligerem
670 2980 706 3038 sb
729 2981 857 3042 Antonio
875 2995 992 3060 preter·
1065 3020 1066 3081 i

1065 3094 1066 3135 i
