2167 3525
148 350 204 409 116
460 364 503 411 nn
524 362 686 410 onnuonu.
873 358 967 419 [um.

189 512 288 570 totelio
320 532 398 571 more
424 513 460 571 de
485 512 618 570 omnibus
649 512 735 567 rebus
760 510 790 567 in
817 518 966 583 utrumque

189 608 356 667 sententiam
377 610 465 685 possit
484 609 591 679 dicere,
605 618 633 664 et
646 608 675 665 iu
689 606 767 663 omui
788 604 875 662 causi
894 605 967 661 duos

189 707 346 764 contrarias
371 706 521 776 orationes,
549 703 697 780 preceptis
723 702 797 759 iliius
830 701 965 778 coguitis,

189 801 339 877 explicare,
354 812 401 859 out
416 801 469 859 hoc
483 800 620 857 Arcesilae
641 799 734 870 modo,
749 808 777 857 et
797 796 966 868 Carneadis,

158 900 289 954 dcontru
302 916 395 969 omne,
410 898 483 972 quod
497 896 672 973 propositum
688 895 734 966 sit,
748 894 868 951 disserat
876 913 883 963 ;
905 891 966 968 qui·

187 1008 243 1068 que
257 992 292 1049 ud
306 1011 367 1051 enm
388 994 525 1051 rationem
548 992 682 1069 adjungat
701 993 779 1049 hunc
791 989 965 1047 rhetoricum

189 1106 282 1159 usum,
302 1106 464 1165 moremque
484 1088 771 1161 exercitationemque
795 1085 919 1156 dicendi,
940 1085 966 1142 is

189 1181 225 1238 sit
251 1200 342 1253 verns,
369 1183 394 1239 is
418 1182 570 1258 perfectus,
594 1182 619 1238 is
642 1181 718 1238 solus
743 1190 847 1237 orator.
887 1178 966 1236 Num

189 1294 281 1352 neque
301 1278 362 1335 sine
383 1278 540 1335 forensibus
559 1278 653 1335 nervis
677 1276 744 1333 satis
763 1276 917 1333 vehemens
935 1283 966 1332 ct

146 1390 177 1439 ιο
189 1374 291 1451 gravis,
306 1393 360 1431 neo
380 1375 441 1433 sinc
461 1374 594 1442 varietate
614 1373 750 1429 doctrinm
769 1372 840 1429 satis
858 1371 965 1447 politus

190 1478 218 1528 ei
232 1470 343 1546 sapiens
356 1490 417 1527 esse
430 1480 524 1528 orator
537 1477 636 1545 potest.

227 1566 329 1628 Quare
349 1568 485 1624 Coracem
507 1566 590 1623 istum
612 1576 733 1621 vestrum
753 1564 893 1640 patiamur
913 1582 966 1621 nos

190 1662 303 1737 quidem
323 1662 415 1739 pullos
434 1682 500 1719 suos
520 1662 670 1719 excindere
691 1662 720 1718 in
740 1660 818 1732 nido,
834 1660 882 1736 qui
901 1677 968 1717 evo·

189 1756 257 1831 lent,
272 1760 439 1817 clamatores
458 1759 550 1816 odiosi
571 1778 605 1817 ac
624 1758 752 1828 molesti;
775 1756 967 1834 Pamphilum-

146 1863 177 1912 15
189 1872 245 1930 qne
259 1855 356 1912 nescio
370 1874 452 1929 quem
474 1856 600 1912 sinamus
614 1856 643 1912 in
656 1855 753 1912 insulis
772 1864 879 1912 tantam
894 1872 966 1926 rem,

190 1960 322 2025 tunquam
349 1949 471 2026 pueriles
501 1950 619 2007 delicias
651 1951 769 2025 aliquus,
796 1950 967 2027 depingere:

190 2063 297 2121 nosque
312 2046 363 2122 ipsi
378 2047 503 2104 hactum
518 2047 621 2124 exigud
638 2047 828 2123 disputatione
842 2045 968 2103 hesterni

190 2152 219 2200 et
239 2141 367 2200 hodierni
387 2142 444 2200 diei
464 2153 555 2200 totum
575 2143 694 2201 oratoris
715 2161 818 2200 munus
844 2142 969 2217 explice-

190 2257 263 2310 mus,
284 2238 437 2296 dummodo
463 2238 511 2296 illo
537 2257 583 2296 res
608 2248 687 2296 tantu
713 2239 759 2309 sit,
780 2248 812 2295 ut
834 2237 967 2295 omnibus

144 2347 176 2396 m
189 2334 420 2411 philosophorum
440 2335 529 2406 libris,
544 2353 614 2409 quos
633 2353 719 2392 nemo
739 2344 883 2392 oratorum
901 2333 969 2391 isto·

190 2449 253 2488 rum
273 2449 397 2505 uuquam
418 2431 520 2507 attigit,
535 2431 739 2506 comprehensu
755 2449 817 2488 esse
830 2430 966 2488 videatur.

229 2621 328 2680 XXII.
360 2621 436 2679 Tum
457 2607 586 2694 Caiulus,
607 2622 846 2698 Haudquiqusm,
860 2623 967 2695 hercle,

192 2719 292 2795 inquit,
306 2717 417 2788 Crasse,
432 2717 591 2774 mirandum
611 2727 664 2789 cst,
680 2737 742 2775 esse
762 2719 792 2776 in
812 2735 841 2777 te
859 2729 970 2778 tunium

190 2814 304 2882 dicendi
331 2813 373 2871 vel
400 2814 467 2885 vim,
494 2813 536 2871 vel
564 2815 739 2886 suavitatem,
767 2815 810 2872 vel
838 2817 968 2892 copiam3

144 2921 177 2972 m
190 2929 274 2988 quem
295 2910 408 2986 quidem
430 2919 512 2967 antea
531 2909 633 2967 nuturd
653 2911 735 2968 rebar
755 2911 796 2969 ito
815 2911 921 2983 dicere,
936 2922 971 2970 ut

155 3081 157 3089 Ι
190 3005 260 3065 mihi
281 3025 336 3065 uon
350 3005 447 3064 solum
468 3017 562 3063 orator
582 3025 717 3077 summus,
731 3006 780 3064 sed
795 3007 880 3064 eiiam
894 3008 969 3083 supi·

192 3103 467 3188 notissimuslhomo,
488 3103 632 3162 viderere:
659 3120 738 3161 nuno
757 3102 897 3181 intelligo,
918 3103 970 3164 ills
