2167 3525
127 290 165 369 a
444 321 486 369 nn
508 320 670 367 carrona
870 318 908 377 [a.
918 316 950 361 11.
990 273 993 282 ’

171 468 250 540 tiam,
264 488 331 527 cunr
344 470 569 529 stomacharetur
583 487 650 525 curu
660 466 694 526 C.
706 466 836 539 Metello,
847 466 952 523 dixisse

171 566 285 637 dicitur,
301 572 319 598 “
330 568 361 623 Si
376 566 505 641 quintum
518 575 632 641 pareret
651 574 741 623 mater
754 564 826 641 ejus,
842 564 952 621 asinum

172 661 257 719 fuisse
270 662 451 737 parituram.”

210 758 321 835 Arguta
334 758 420 815 etiam
434 757 607 833 significatio
620 767 673 829 est,
687 776 753 815 cum
768 751 856 832 parri
868 774 910 828 re,
924 764 954 811 et

141 864 158 912 5
171 872 245 929 saepe
263 856 350 911 verbo
366 873 412 911 res
426 855 550 911 obscura
562 864 592 911 et
605 854 696 911 latens
716 854 888 921 illustratur;
910 861 952 920 ut,

171 969 237 1007 curn
257 950 291 1007 Ο.
307 950 440 1009 Fabricio
455 950 487 1007 P.
503 950 672 1021 Cornelius,
686 934 772 1005 homo
794 948 839 1025 (ut
858 946 954 1006 existi·

170 1048 314 1125 mabatur)
337 1066 436 1103 avarus
456 1057 484 1104 et
505 1047 595 1118 furax,
614 1046 664 1103 sed
684 1045 799 1123 egregie
820 1044 910 1115 sortis,
923 1053 953 1100 ct

171 1144 264 1201 bonus
284 1144 446 1219 imperator,
466 1144 580 1220 gratias.
594 1154 700 1219 ageret,
721 1143 797 1217 quod
816 1160 848 1198 se
868 1140 953 1197 homo

171 1240 305 1298 inimicus
320 1240 466 1298 consulem
482 1239 607 1310 fecisset,
619 1239 694 1296 bello
707 1238 862 1315 praesertim
877 1255 954 1313 mag·

127 1352 157 1401 10
171 1356 209 1395 no
223 1347 252 1394 et
265 1337 359 1413 gravi;
382 1336 490 1393 “Nihil
505 1346 558 1408 est,
572 1354 628 1411 quo
641 1335 712 1392 mihi
731 1335 838 1412 gratias
856 1335 951 1409 agas,’'

173 1434 273 1509 inquit,
295 1434 348 1491 “si
368 1433 455 1491 malui
476 1433 633 1508 compilari,
654 1452 738 1507 quern
759 1431 903 1488 venire:''⁴
922 1439 953 1485 ut

172 1529 271 1589 Asello
285 1530 450 1601 Africanus,
465 1528 614 1605 objicienti
627 1530 746 1587 lustrum
761 1527 830 1585 illud
845 1526 951 1595 infelix,

172 1624 298 1697 “Noli,”
327 1626 428 1699 inquit,
454 1632 472 1659 “
482 1626 596 1683 mirari:
630 1626 655 1682 is
678 1625 765 1696 enim,
788 1624 837 1698 qui
863 1633 892 1680 te
917 1640 953 1679 er

172 1720 278 1778 aerariis
310 1721 424 1791 eremit,
458 1722 578 1778 lustrum
611 1722 750 1792 condidit,
779 1729 809 1777 et
840 1730 953 1777 taurum

127 1833 158 1880 15
172 1815 354 1873 immolavit.’'
409 1815 506 1873 Tanta
532 1816 658 1890 suspicio
683 1825 736 1885 est,
757 1826 788 1872 ut
813 1815 952 1891 religione

172 1911 316 1968 civitatem
335 1911 519 1969 obstrinxisse
539 1911 668 1968 videatur
690 1910 857 1981 Mummius,
878 1911 952 1986 quod

172 2008 301 2066 Asellum
316 2007 473 2085 ignominii
487 2007 595 2072 levarit.

211 2202 334 2260 LXVII.
365 2201 483 2260 Urbana
501 2202 587 2259 etiarn
607 2200 797 2260 dissimulatio
816 2212 870 2272 est,
887 2221 952 2260 curn

173 2299 229 2356 alia
241 2299 384 2370 dicuntur,
400 2319 434 2355 ac
452 2299 568 2369 sentias,
582 2317 641 2355 non
655 2286 704 2355 illo
717 2306 833 2375 genere,
848 2298 884 2354 de
897 2317 954 2374 quo
977 2295 981 2300 ’

126 2407 158 2458 20
173 2403 238 2452 ante
257 2394 325 2465 dixi,
342 2413 408 2451 cum
428 2395 572 2452 contraria
591 2395 681 2464 dicas,
695 2405 727 2452 ut
742 2394 850 2452 Lamiae
870 2394 954 2450 Cras·

173 2509 229 2560 sus,
245 2489 294 2546 sed
309 2508 375 2546 curn
389 2499 450 2546 toto
464 2507 569 2565 genere
589 2490 727 2546 orationis
743 2508 842 2546 serere
861 2489 951 2559 ludas,

172 2574 238 2643 cum
253 2585 333 2642 aliter
347 2583 462 2654 sentias,
478 2603 512 2640 ac
527 2583 659 2658 loquare:
679 2594 712 2642 ut
724 2595 821 2643 noster
842 2586 954 2643 Scaevo-

171 2683 200 2740 la
213 2680 408 2757 Septumuleio
422 2679 463 2736 illi
478 2679 643 2755 Anagnino,
655 2681 703 2738 cui
716 2700 767 2756 pro
781 2681 815 2739 C.
826 2682 953 2740 Gracchi

173 2779 265 2855 capite
285 2787 345 2834 crat
369 2795 469 2834 ausum
495 2795 657 2852 repensum,
677 2777 800 2852 roganti,
821 2788 853 2834 ut
872 2797 903 2835 se
923 2779 953 2835 in

126 2876 271 2941 25Asiarn
304 2873 470 2950 praefectum
503 2875 631 2944 duceret,
659 2873 769 2935 “Quid
802 2874 855 2930 tibi
882 2875 951 2946 vis,’¹

172 2971 273 3048 inquit,
295 2971 443 3028 “insanei
470 2981 553 3030 tauta
574 2970 713 3028 malorum
732 2980 776 3028 est
801 2971 954 3031 multitudo

173 3069 288 3140 civium,
304 3078 340 3144 ¹ut
362 3067 415 3125 tibi
441 3086 496 3145 ego
523 3068 580 3126 hoc
606 3067 784 3140 confirmem,
805 3067 830 3125 si
850 3067 953 3126 Rome
