2167 3525
123 254 150 303 ι.
160 255 215 318 ιιι]
401 257 445 307 nn
467 258 629 307 cainone.
889 247 945 313 1³5

123 403 201 469 tinus
226 404 360 483 Gorgias,
387 423 444 482 quo
468 416 591 483 patrono
617 407 663 483 (ut
689 405 771 470 Plato
796 406 898 486 voluit)

121 500 292 577 philosopho
317 502 470 573 succubuit
494 513 600 576 orator,
623 502 672 579 qui
696 513 830 561 autnon
856 513 900 565 est

121 596 214 657 victus
240 617 363 675 unquam
396 616 413 657 a
444 600 576 671 Socrate,
600 617 695 675 neque
726 617 820 673 sermo
852 599 900 657 ille

120 692 250 751 Platonis
263 713 344 752 vans
359 704 402 753 est
410 715 418 765 ;
441 704 498 766 aut,
512 695 537 754 si
551 705 594 753 est
607 696 709 769 victus,
722 695 900 773 eloquentior

107 789 254 873 ¹videlicet
280 791 333 849 fuit
359 801 388 849 et
414 789 545 849 disertior
576 791 719 863 Socrates,
745 801 784 863 et,
810 801 842 849 ut
867 798 930 849 tu5

122 885 254 963 appellas,
269 886 411 962 copiosior
425 897 453 944 et
466 886 567 945 melior
580 897 684 945 orator.
724 886 783 945 Sed
797 887 855 961 hic,
868 887 899 945 in

120 981 169 1042 illo
188 982 250 1057 ipso
269 982 398 1041 Platonis
417 983 499 1057 libro,
513 983 551 1041 de
567 983 645 1041 omni
659 1002 699 1054 re,
713 1002 899 1060 quaecumque

120 1077 150 1135 in
170 1078 405 1155 disceptationem
432 1079 671 1155 questionemque
690 1090 847 1151 vocaretur,
866 1096 899 1141 ae

121 1173 316 1251 copiosissime
348 1174 490 1233 dicturum
522 1194 585 1236 esee
618 1174 781 1250 profitetur3
818 1175 899 1251 isque

119 1270 252 1347 princeps
277 1289 313 1329 ex
338 1271 471 1330 omnibus
502 1290 587 1331 ausus
619 1281 663 1331 est
694 1270 725 1328 in
758 1280 899 1331 conventu
913 1276 944 1327 10

119 1385 246 1443 poscere,
268 1367 325 1442 qut
348 1368 384 1425 de
405 1386 438 1426 re
459 1368 579 1444 quisque
602 1367 686 1425 vellet
709 1367 822 1425 audire:
850 1366 900 1425 cui

119 1472 215 1521 tantus
238 1463 329 1521 honos
352 1463 466 1522 habitus
488 1474 531 1523 est
555 1482 572 1522 a
593 1462 717 1535 Gracii,
737 1462 791 1520 soli
811 1472 844 1521 ut
863 1481 900 1521 ex

120 1558 262 1631 omnibus,
295 1557 425 1635 Delphis,
457 1578 516 1617 non
551 1558 683 1618 insuram
714 1549 816 1632 statua,
847 1558 898 1619 aed

122 1672 215 1727 turea,
243 1664 420 1713 statueretur.
473 1655 569 1732 Atque
592 1654 624 1727 ii,
649 1672 719 1729 quos
743 1653 899 1727 nominavi,

120 1749 258 1827 multique
276 1762 413 1827 praeterea
431 1750 535 1809 summi
556 1750 671 1810 dicendi
687 1760 826 1824 auctores,
840 1769 899 1810 uno
912 1760 944 1812 15

120 1859 246 1924 tempore
267 1847 397 1906 fuerunt:
425 1847 582 1923 exquibus
602 1847 723 1926 intelligi
742 1857 844 1924 potest,
858 1847 900 1906 ita

119 1963 150 2004 se
169 1963 229 2002 rem
249 1944 363 2018 habere,
377 1957 409 2001 ut
429 1953 470 2018 tu,
485 1943 598 2015 Crasse,
612 1942 701 2016 dicis3
721 1945 899 2020 oratorisque

119 2058 223 2099 nomen
239 2040 312 2115 apud
327 2040 467 2114 antiquos,
479 2039 508 2096 in
519 2040 643 2110 Graecia,
654 2040 760 2116 majore
775 2041 898 2116 quidam

119 2135 163 2194 vel
189 2134 274 2209 oepit
299 2134 343 2192 vel
376 2135 468 2211 gloria
496 2135 634 2192 floruisse.
686 2134 757 2195 Quo
783 2135 898 2209 quidem

119 2228 210 2310 magis
243 2229 352 2300 dubito,
379 2229 469 2286 tibine
501 2228 565 2304 plus
596 2228 698 2300 landis,
726 2247 762 2286 an
787 2228 897 2286 Grecis
911 2241 942 2292 uo

118 2322 344 2400 vituperationis,
367 2342 430 2382 esse
454 2323 636 2388 tribuendum
662 2333 799 2394 statuam3
830 2343 896 2383 cum

118 2431 159 2494 tn,
174 2421 204 2478 in
225 2417 281 2476 alisi
299 2418 398 2496 lingui
419 2438 454 2478 ac
467 2419 593 2476 moribus
606 2430 699 2493 natus,
713 2420 896 2497 occupatissi-

118 2519 165 2576 mi
192 2517 222 2574 in
249 2513 374 2586 sinitote,
400 2514 443 2573 vel
468 2515 641 2591 privatorum
668 2517 791 2594 negotiis
813 2536 897 2594 pane

118 2614 260 2686 omnibus,
274 2611 318 2670 rel
332 2610 409 2669 orbis
422 2621 503 2669 terre
521 2613 731 2689 procuratione,
745 2631 780 2672 ac
792 2613 896 2672 summi

118 2710 229 2790 imperii
252 2707 457 2786 gubernatione
479 2707 633 2781 districtus,
653 2718 762 2768 tantam
782 2709 839 2766 aim
852 2727 896 2767 re-
908 2725 942 2775 25

118 2826 181 2866 rum
210 2805 460 2882 cognitionemque
493 2802 749 2879 comprehenderis,
776 2823 896 2880 eamque

119 2919 233 2962 omnem
256 2919 322 2959 cum
349 2900 419 2976 ejus,
441 2899 489 2974 qui
510 2899 632 2958 consilio
656 2910 685 2957 et
710 2900 838 2958 oratione
864 2901 895 2962 in

120 2996 234 3062 civitate
247 2996 347 3067 valeat,
361 2995 482 3054 scientie
495 3004 580 3070 atque
592 2995 793 3056 exercitatione
805 2996 895 3056 sociii-
