2167 3525
115 281 207 344 nm]
394 288 438 336 nn
458 289 621 338 onerosa.
883 279 938 337 165

116 433 320 510 conjunctione
352 455 465 509 eorum,
500 439 559 498 dixi
592 439 628 496 de
660 456 777 497 numero
811 448 893 512 atque

116 529 217 590 sormi„
271 533 339 606 Sed,
366 534 390 592 si
416 534 545 594 habitum
578 535 714 596 orationis
744 535 839 606 etiam,
867 545 894 592 et

116 627 199 702 quasi
221 628 347 689 colorem
370 631 503 706 aliquem,
525 631 676 708 requiritis,
698 641 740 689 est
763 641 792 694 et
811 632 896 707 plena

117 723 256 797 quaedam,
277 726 326 783 sed
345 718 440 784 tamen
460 737 550 798 teres;
578 738 607 785 et
633 727 736 800 tenuis,
756 747 814 788 non
834 727 895 784 sine

116 819 211 877 nervis
225 840 259 879 ac
271 822 393 894 viribus;
414 833 443 881 et
455 844 499 897 ea,
513 845 576 900 quae
595 824 736 901 particeps
750 823 895 898 utriusque
907 833 923 881 5

115 917 229 992 generis
261 919 385 993 quidam
416 921 613 981 mediocritate
646 921 784 981 laudatur.
841 919 895 978 His

115 1012 206 1070 tribue
231 1013 331 1092 figuris
356 1016 480 1076 insidere
507 1018 622 1092 quidam
650 1017 812 1088 venustatis,
836 1035 895 1076 non

116 1108 182 1168 suco
200 1110 298 1183 illitus,
319 1112 369 1168 sed
390 1113 529 1190 sanguine
555 1114 683 1186 diffusus,
703 1115 787 1176 debet
807 1113 893 1171 color.

115 1205 194 1264 Turn
207 1207 331 1283 denique
344 1209 427 1267 nobis
440 1209 489 1268 hio
502 1219 595 1268 orator
616 1210 655 1268 ita
676 1209 894 1268 conformandus

115 1313 158 1360 est
171 1313 200 1360 et
213 1305 307 1362 verbis
320 1315 349 1363 et
361 1307 519 1378 sententiis,
533 1317 575 1379 ut,
590 1306 826 1382 quemadmodum
847 1305 894 1380 qui
908 1320 938 1368 10

115 1408 233 1456 utuntur
247 1401 333 1460 armis
347 1413 396 1460 aut
408 1403 548 1480 palustri,
562 1422 620 1460 non
637 1404 726 1460 solnm
740 1393 794 1461 sibi
807 1402 895 1458 vitan·

115 1495 145 1552 di
166 1506 215 1552 aut
235 1497 355 1555 feriendi
374 1500 515 1557 rationem
534 1517 597 1556 esse
613 1499 771 1556 habendam
784 1507 893 1574 putant,

115 1592 166 1650 sod
175 1592 271 1666 etiam,
280 1604 311 1651 ut
320 1613 386 1654 cum
394 1605 541 1654 venustate
552 1605 731 1666 moveantur3
751 1594 792 1652 sic
802 1594 893 1652 verbis

58 1677 63 1684 ’
115 1688 230 1763 quidem
251 1690 399 1767 adaptem
420 1691 655 1767 compositionem
676 1700 705 1749 et
723 1691 892 1763 decentiam,

115 1787 264 1844 sententiis
275 1806 342 1845 vero
353 1788 388 1845 ad
403 1789 570 1866 grauitatem
581 1788 725 1859 orationis,
734 1798 838 1859 utatur,
849 1785 894 1865 [nt
907 1797 937 1845 15

115 1879 146 1953 ii,
160 1882 209 1956 qui
223 1882 252 1940 in
268 1902 407 1941 armorum
422 1884 590 1942 tractatione
603 1884 772 1963 versuumn]
830 1906 833 1913 ⁴

153 1978 322 2037 Formantur
342 1990 436 2038 autem
450 1991 480 2037 et
492 1982 588 2052 rerba,
602 1990 631 2037 et
646 1980 793 2041 sententie
812 1998 892 2056 paene

114 2074 345 2148 innumerabiles,
370 2077 446 2151 quod
473 2077 541 2135 satis
565 2077 626 2134 scio
646 2086 744 2135 notum
766 2094 827 2133 esse
847 2094 893 2133 vo·

114 2170 177 2227 bis:
211 2171 261 2227 sed
293 2172 367 2229 inter
399 2169 650 2231 conformationem
684 2172 832 2230 verborum
865 2181 894 2229 et

114 2266 320 2323 sententiarum
340 2266 396 2326 hoc
416 2267 542 2338 interest,
558 2268 633 2341 quod
653 2267 801 2325 verborum
821 2266 893 2327 tolli·
905 2272 936 2321 20

114 2372 169 2435 tur,
190 2363 216 2419 si
236 2363 332 2431 verba⁴
345 2363 478 2434 mutiris3
511 2363 715 2421 sententiarum
737 2374 891 2439 permanet,

113 2459 340 2535 quibuscumque
367 2460 460 2517 verbis
485 2460 527 2520 nti
547 2460 624 2521 velis.
663 2460 751 2523 Quod
777 2460 891 2536 quidem

114 2574 165 2613 ros
177 2557 230 2615 etsi
244 2557 347 2630 facitis,
362 2567 457 2615 tamen
478 2557 669 2619 admonendos
682 2566 759 2633 puto,
773 2576 810 2617 ne
824 2556 892 2632 quid

76 2665 81 2673 ·
114 2670 177 2710 esse
191 2653 266 2711 aliud
280 2654 401 2712 oratoris
419 2654 533 2729 putetis,
548 2654 622 2729 quod
638 2654 751 2729 quidem
765 2654 803 2711 sit
814 2670 892 2729 egre-

114 2748 192 2826 gium
214 2760 297 2825 atque
317 2751 455 2822 mirabile,
469 2750 524 2807 nisi
545 2750 574 2808 in
594 2751 713 2827 singulis
732 2749 824 2807 verbis
844 2748 892 2807 illa
904 2757 934 2807 25

114 2846 169 2903 tria
181 2857 287 2919 tenere,
302 2858 333 2905 ut
345 2848 487 2905 mansistis
500 2858 612 2905 utamur
627 2847 795 2922 frequenter,
807 2824 891 2903 iut'er-

115 2940 238 3016 dumque
252 2943 343 3014 factis,
357 2962 421 3001 raro
434 2954 527 3001 autem
542 2943 628 3001 etiam
641 2942 815 3019 pervetustis.
855 2940 890 2999 In

113 3038 253 3115 perpetus
271 3050 365 3098 antam
385 3040 523 3112 oratione,
544 3058 610 3097 cum
630 3049 659 3097 et
679 3037 890 3115 conjunctionis
