2167 3525
135 278 226 341 nm]
416 276 459 328 ne
480 277 641 328 carrona.
900 267 957 334 tat

135 428 171 493 ad
196 444 257 501 eos,
284 444 380 487 verum
406 427 492 485 etiam
519 428 555 486 de
580 427 639 485 filit
670 425 848 499 collocandi,
874 424 912 483 do

135 523 225 583 fundo
244 523 375 596 emendo,
388 524 424 583 de
445 543 513 601 agro
532 523 664 595 colendo,
681 524 716 581 dc
735 523 816 581 omni-
834 522 912 581 deni·

135 640 190 697 que
217 632 266 679 aut
292 621 386 679 officio
413 630 462 678 aut
487 622 613 697 negotio,
641 620 798 679 referretur.
838 619 912 677 Huc

135 717 189 775 fuit
201 714 233 776 P.
249 717 344 779 Crassi
365 716 440 777 illius
460 717 572 790 veteris,
586 717 648 778 bac
661 715 709 774 Ti.
725 715 911 789 Coruncanii,

135 814 197 873 hac
216 813 313 889 proavi
333 814 430 895 generi
450 814 516 885 mei,
532 813 686 890 Scipionis,
699 811 941 890 prudentissimin

134 909 266 989 hominis,
281 909 428 985 sapientia,
445 908 506 987 (qui
518 929 616 968 omncs
633 909 784 985 pontifices
797 908 911 968 maximi

134 1006 261 1085 suerunt)
286 1015 318 1062 ut
344 1005 379 1062 ad
407 1023 456 1061 eos
482 1006 517 1062 de
544 1005 676 1063 omnibus
702 1004 805 1062 divinis
829 1014 912 1081 atque

134 1102 265 1159 humanis
278 1102 363 1159 rebus
376 1101 542 1170 referretur3
565 1100 707 1174 iidemque
728 1110 755 1157 et
769 1100 799 1157 in
812 1111 911 1157 senatu

133 1208 162 1256 et
177 1197 249 1275 apud
263 1196 408 1274 populum,
422 1196 493 1255 etin
508 1196 602 1255 causis
616 1196 780 1269 amicorum,
795 1207 824 1255 et
836 1196 912 1253 dorni

134 1304 163 1351 et
176 1293 294 1365 militia,
309 1293 458 1352 consilium
478 1312 560 1350 suum
579 1292 720 1367 fidemque
733 1292 910 1371 prestabant.
927 1298 958 1349 1⁰

132 1386 214 1449 Quid
228 1388 304 1445 enim
319 1386 359 1445 M.
375 1386 490 1459 Catoni,
503 1397 605 1464 praeter
625 1387 699 1444 hanc
715 1387 912 1462 politissimam

134 1484 292 1541 doctrinam
313 1483 527 1540 transmarinam
549 1493 633 1559 atque
654 1482 851 1555 adventiciam,
866 1483 913 1539 de·

134 1579 207 1636 tuitt
227 1598 305 1651 num,
320 1579 387 1654 quia
403 1579 449 1655 jus
469 1578 553 1636 civile
573 1578 722 1650 didicerat,
737 1598 837 1649 causas
854 1597 912 1637 non
977 1598 982 1611 ·

134 1675 266 1734 dicebatl
288 1686 345 1747 aut,
358 1675 425 1751 quia
437 1684 548 1752 poterat
561 1674 751 1759 dicere,juris
763 1675 913 1737 scientiam

133 1773 316 1850 negligebat?
338 1783 365 1830 at
379 1783 498 1848 utroque
512 1772 541 1829 in
556 1791 660 1850 genere
678 1783 707 1829 et
723 1773 869 1846 laboravit,
883 1783 912 1836 ct
928 1785 959 1834 15

132 1869 276 1947 prestitit:
310 1888 389 1942 num,
415 1880 529 1945 propter
563 1867 639 1926 banc
671 1888 706 1927 ex
738 1869 911 1946 privatorum

132 1965 255 2043 negotiis
275 1966 423 2024 collectam
444 1965 574 2042 gratiam,
588 1965 694 2022 tardior
715 1966 744 2022 in
765 1965 911 2042 republicd

133 2062 306 2138 capessendi
330 2061 401 2120 suitl
427 2080 512 2119 nemo
540 2061 614 2137 apud
639 2062 774 2138 populum
803 2063 911 2133 sortior,

133 2175 218 2214 nemo
237 2157 336 2216 melior
357 2166 487 2214 serrator:
515 2155 590 2212 idem
614 2156 698 2212 facile
718 2156 842 2232 optimus
862 2156 913 2214 im·

132 2261 260 2330 perator:
282 2251 404 2326 denique
418 2250 488 2308 nihil
503 2251 532 2308 in
547 2252 601 2308 hac
611 2250 726 2308 civitate
740 2252 913 2328 temporibus
927 2262 959 2321 2⁰

132 2349 188 2407 illis
214 2347 281 2406 sciri
308 2347 415 2404 discive
440 2345 544 2424 potuit,
570 2347 645 2423 quod
680 2346 727 2404 ille
759 2366 817 2405 non
844 2367 910 2410 cum

131 2444 309 2522 investigarit
322 2453 351 2502 ct
364 2443 470 2514 scierit,
485 2452 545 2500 tum
558 2443 643 2500 etiam
661 2444 870 2519 conscripserit.

170 2541 268 2613 Nunc,
283 2550 393 2612 contra,
408 2539 535 2616 plerique
555 2540 589 2596 ad
611 2540 733 2597 honores
754 2540 911 2618 adipiscen-

132 2637 192 2710 don,
207 2647 235 2695 et
250 2638 283 2695 ad
301 2636 505 2713 rempublicam
524 2636 689 2716 gerendam,
703 2637 773 2694 nudi
794 2638 912 2701 veniunt

133 2745 216 2810 atque
243 2734 380 2805 inermes;
413 2733 491 2813 nullia
515 2732 678 2810 cognitione
704 2751 808 2805 rerum,
832 2733 911 2793 nulli
926 2744 958 2794 25
1049 2754 1054 2763 ·

132 2830 253 2888 scientia
286 2830 386 2888 ornati.
441 2830 493 2888 sin
521 2828 622 2904 aliquis
655 2829 768 2886 excellit
794 2847 868 2887 unus
894 2849 911 2888 e

132 2927 244 2998 multis3
277 2927 358 2984 effert
385 2945 424 2999 se,
451 2927 476 2984 si
509 2945 598 2983 unum
632 2925 737 3002 aliquid
764 2926 852 3000 affert,
879 2936 912 2984 ut

134 3022 265 3080 bellicam
284 3023 427 3092 virtutem,
447 3031 496 3094 put
515 3041 599 3080 usum
619 3022 740 3098 aliquem
761 3022 911 3083 militarem

370 3115 432 3175 12*
