2167 3525
465 341 508 391 nn
530 304 694 390 omrem.
882 342 977 403 [nm.

188 488 304 569 quidum
332 491 461 550 omnium
487 494 569 568 quasi
595 504 753 551 consensus
778 491 977 550 doctrinarum

189 599 404 665 concentusque
437 590 583 666 reperitur.
638 589 696 647 Sed
724 589 748 646 si
775 588 832 645 hoo
861 608 976 664 quoque

188 684 299 745 ridetur
319 704 382 745 esse
403 686 496 759 altius,
510 705 594 762 quam
616 696 648 744 ut
668 686 696 743 id
710 704 773 757 nos,
789 686 868 743 humi
882 687 974 759 strati,

188 784 333 859 suspicere
365 784 516 860 possimus,
546 783 615 841 illud
650 792 728 840 certe
761 792 868 854 tamen,
896 782 975 857 quod

158 880 310 956 oemplexi
330 899 437 951 sumus,
458 880 531 955 quod
555 879 730 956 profitemur,
750 879 825 955 quod
846 880 975 955 suscepi·

186 994 260 1048 mus,
281 975 366 1034 nosse
385 986 414 1033 et
433 987 532 1033 tenere
559 976 704 1033 debemus.
745 974 810 1033 Una
830 985 874 1032 est
894 976 974 1033 enim

188 1070 278 1149 (quod
292 1083 320 1130 et
339 1090 392 1150 ego
412 1072 545 1130 hesterni
565 1073 612 1129 die
631 1072 701 1143 dixi,
722 1082 751 1129 et
772 1072 880 1147 aliquot
898 1072 974 1130 locis

188 1168 412 1227 antemeridiano
445 1186 577 1227 sermone
610 1168 780 1245 significarit
813 1169 973 1248 Antonius)

187 1264 357 1341 eloquentia,
385 1285 580 1341 quascumque
611 1266 640 1322 in
674 1284 739 1322 oras
771 1264 974 1341 disputationis

143 1370 173 1422 10
186 1363 351 1440 regionesve
366 1362 459 1421 deleta
472 1372 523 1420 est.
565 1361 652 1434 Num,
666 1362 725 1419 sive
739 1362 776 1419 de
789 1362 854 1419 coeli
869 1362 973 1419 naturd

185 1459 320 1534 loquitur,
336 1460 394 1517 sive
408 1460 444 1517 de
457 1469 550 1531 terrae,
564 1459 623 1515 sire
644 1458 679 1516 de
700 1458 796 1515 divino
810 1460 847 1530 vi,
861 1459 922 1516 sive
935 1458 973 1517 de

187 1558 322 1631 humani,
335 1559 401 1615 'sive
424 1576 461 1615 ex
487 1558 621 1615 inferiore
647 1557 723 1628 loco,
743 1557 803 1614 sire
823 1576 859 1614 ex
878 1576 971 1633 equo,

188 1652 247 1712 sive
260 1674 296 1713 ex
311 1654 464 1730 superiore,
479 1654 538 1711 sive
559 1664 590 1711 ut
612 1653 737 1729 impellat
758 1652 897 1725 homines,
912 1654 973 1711 sive

188 1760 219 1808 ut
233 1752 344 1824 doceat,
359 1750 418 1808 sive
432 1763 463 1809 ut
477 1748 628 1822 deterreat,
643 1752 701 1809 sive
716 1760 746 1809 ut
760 1750 897 1822 concitet,
912 1750 973 1809 sive

143 1855 173 1906 15
187 1857 219 1906 ut
232 1847 370 1920 reflectat,
384 1848 444 1906 sive
463 1857 494 1905 ut
515 1847 660 1918 incendat,
681 1848 741 1904 sive
754 1858 786 1905 ut
799 1848 897 1920 leniat,
911 1849 972 1907 sive

187 1942 222 2002 ud
236 1963 352 2020 paucos,
367 1939 426 2000 sive
441 1944 475 2001 ad
491 1943 603 2015 mustos,
618 1944 677 2001 sive
692 1944 764 2001 inter
779 1945 897 2016 alienos,
912 1945 973 2004 sire

187 2055 254 2098 cum
277 2035 346 2112 suis,
367 2039 426 2098 sive
449 2057 558 2111 secum,
579 2039 646 2097 rivis
669 2051 712 2098 est
732 2040 850 2099 diducta
869 2042 971 2115 oratio,

187 2153 245 2195 non
266 2137 409 2209 sontibus;
430 2147 468 2210 et,
485 2153 667 2213 quocumque
688 2137 856 2214 ingreditur,
870 2139 971 2197 eodem

186 2245 230 2294 est
244 2235 384 2294 instructu
397 2245 555 2310 ornatuque
569 2233 713 2292 comitate.
798 2239 802 2245 '

140 2343 172 2392 20
226 2332 283 2388 Sed
303 2332 436 2407 quoniam
458 2331 585 2407 oppressi
603 2330 661 2408 jum
679 2350 777 2390 sumus
789 2332 972 2408 opinionibus

186 2445 244 2486 non
264 2428 351 2485 modo
372 2425 458 2504 vulgi,
478 2444 575 2485 verum
596 2427 682 2485 etiem
703 2425 850 2486 hominum
871 2429 971 2489 leviter

186 2520 373 2595 eruditorum,
394 2523 452 2598 qui,
474 2539 536 2598 quae
561 2523 713 2600 complecti
734 2535 795 2582 tote
814 2538 970 2601 nequeunt,

186 2621 248 2679 haeo
268 2616 380 2678 facilius
400 2619 558 2677 diruisset
578 2619 658 2696 qussi
679 2618 822 2697 discerpta
841 2633 972 2683 contrec-

185 2728 247 2776 tent
254 2738 262 2789 3
290 2727 320 2774 et
339 2716 397 2793 qui,
417 2726 552 2793 tunquam
574 2717 609 2775 ab
633 2716 728 2774 animo
755 2736 867 2794 eorpus,
889 2721 971 2780 sice

139 2823 171 2876 ὅ
185 2814 334 2873 sententiis
354 2815 440 2872 verba
459 2815 621 2893 sejungunt,
636 2833 756 2889 quorum
776 2815 838 2874 sine
851 2817 972 2877 interitu

184 2911 247 2969 fieri
274 2921 405 2968 neutrum
432 2921 526 2986 potest
533 2931 541 2981 ;
568 2929 626 2968 nou
658 2911 812 2986 suscipiam
838 2914 970 2974 oratione

185 3007 250 3067 med
268 3007 342 3084 plus,
361 3025 445 3083 quam
466 3007 536 3065 mihi
557 3006 728 3083 imponitur:
749 3017 860 3065 tantum
880 3010 969 3088 signi-

185 3104 277 3164 ficabo
298 3103 386 3178 brevi,
406 3121 499 3182 neque
518 3103 670 3162 verborum
690 3113 821 3163 ornatum
844 3104 967 3167 inveniri
