2167 3525
150 290 192 357 ἃ
466 300 509 350 nn
530 300 694 349 'cosmus
890 301 972 365 [um

193 461 236 512 est
254 460 346 511 toturn
365 450 485 511 scurrile
505 448 682 531 [judicich.
721 448 802 527 ugo
820 448 893 522 hec,
905 468 970 525 qun

193 547 295 607 cedere
315 557 434 625 possunt
447 546 477 605 in
491 565 562 622 quos
578 546 662 618 nolis,
676 546 803 621 quumvis
815 546 971 619 sintbelln,

192 654 259 703 sunt
277 654 373 702 temen
393 644 455 720 ipsc
474 662 579 721 genere
602 642 740 700 scurrilia.
779 642 819 700 Ut
837 643 902 716 iste,
921 641 971 719 qui

192 758 224 799 se
234 741 302 799 'vult
321 740 460 812 dicacem,
477 748 515 811 et,
530 739 703 811 mehercule,
716 748 769 811 e'st,
784 739 906 815 Appius,
920 738 971 798 scd

162 844 395 911 ononnunquem
422 838 452 894 in
479 836 535 893 hoc
557 836 657 894 vitium
680 835 799 893 scurrile
820 835 970 895 delebitur.

169 964 171 971 =
193 938 212 966 ‘⁴
221 932 377 1005 Coenabc,’'
392 932 494 1007 inquit,
509 938 528 965 ‘⁴
538 932 613 1008 epnd
632 933 688 1003 te,”
704 931 771 989 huic
790 932 872 989 lusco
889 930 971 989 fami·

191 1027 254 1086 lieri
278 1046 353 1101 meo,
377 1030 411 1086 G.
437 1029 552 1085 Sextio:
569 1028 662 1085 ·“uni
685 1028 763 1085 eninr
785 1028 881 1086 locum
906 1046 971 1087 esse

191 1123 302 1181 video.''
343 1124 396 1181 Est
415 1124 472 1181 hoc
495 1124 624 1193 scurrile,
645 1133 673 1180 et
692 1124 768 1199 quod
794 1124 856 1181 sine
882 1124 971 1183 cnosi

177 1218 343 1314 decessivit,
370 1234 398 1277 et
426 1231 521 1279 tumen
550 1221 579 1277 id
605 1220 685 1290 dixit,
711 1219 786 1294 quod
813 1220 844 1277 in
870 1238 970 1279 omnes

147 1328 177 1378 10
190 1314 285 1374 luscos
305 1316 478 1375 conveniret.
519 1316 573 1387 Ea,
594 1316 662 1391 quin
680 1316 816 1374 meditatu
834 1324 970 1391 putentur

191 1430 263 1485 csse,
277 1412 372 1470 minus
385 1412 522 1471 ridentur.
564 1413 639 1470 Illud
659 1413 805 1489 egregium
825 1413 925 1486 Sextii,
939 1422 970 1471 ct

190 1526 226 1567 cx
245 1519 389 1585 tempore:
410 1517 428 1543 “
438 1510 544 1567 Manus
564 1510 653 1581 levn,”
668 1508 770 1583 inquit,
785 1515 803 1564 ‘.‘
813 1518 843 1567 et
858 1510 968 1568 coenffl

229 1603 382 1681 Temporis
408 1607 494 1683 igitur
523 1606 606 1677 ratic,
632 1615 663 1663 et
689 1604 777 1681 ipsius
808 1605 970 1664 dicacitatis

190 1700 347 1757 moderatio
370 1712 399 1758 et
421 1703 618 1779 temperantia,
642 1710 671 1759 et
692 1702 792 1758 raritas
810 1701 968 1775 dictorum,

144 1811 177 1861 15
190 1795 345 1873 distinguet
364 1808 505 1854 oratorem
521 1798 664 1867 escurrsi;
685 1806 727 1868 et,
738 1798 815 1870 quod
834 1816 969 1856 nuscum

190 1893 277 1950 causi
297 1891 429 1964 dicimus,
443 1907 501 1950 non
521 1903 554 1950 ut
572 1892 686 1950 ridiculi
703 1893 923 1964 videamur,·sed
935 1903 969 1952 ut
1027 1948 1030 1952 Δ

91 2007 98 2026 ·
188 1987 370 2065 proficiemus
403 1988 518 2063 aliquid,
546 1988 588 2046 illi
614 1997 705 2045 totum
737 1989 822 2062 diem,
850 1999 879 2047 et
904 1989 969 2048 sine

189 2085 284 2144 causi.
323 2085 405 2148 Quid
425 2086 501 2143 enirn
521 2096 565 2144 est
582 2085 709 2162 Vargula
729 2095 886 2157 essecutus,
899 2104 966 2144 cum

189 2199 253 2239 eum
282 2182 449 2240 candidatus
475 2181 512 2240 A.
540 2180 735 2256 Sempronius,
759 2174 826 2238 curu
852 2179 894 2238 Μ.
914 2200 969 2240 suo

145 2295 176 2348 20
189 2277 283 2350 iratre,
298 2279 460 2355 complexus
473 2289 564 2337 esset:
586 2285 604 2312 ‘⁴
614 2277 699 2349 Puer,
714 2278 798 2354 abige
810 2279 964 2336 muscosl”
1068 2348 1076 2373 ἦ

189 2373 293 2432 Risum
319 2376 456 2450 quesivit,
484 2377 533 2450 qui
567 2384 619 2447 est,
647 2375 710 2433 med
742 2374 894 2444 sententid,
920 2373 966 2432 vel

188 2469 371 2528 tenuissimus
403 2471 511 2546 ingenii
545 2471 660 2529 fructus.
716 2470 846 2545 Tempus
878 2469 965 2546 igitur

189 2564 313 2638 dicendi,
336 2566 487 2642 prudentii
513 2575 542 2623 et
568 2566 714 2641 gravitate,
739 2565 964 2637 moderabimur3

189 2679 307 2738 querum
325 2665 434 2721 utinam
456 2673 543 2722 artem
563 2662 685 2736 uliquum
705 2661 889 2719 huberemnsl
913 2662 965 2720 sed

144 2777 176 2829 25
189 2757 301 2817 dominu
313 2768 415 2817 nature
428 2769 479 2820 est.

228 2949 306 3013 LXI.
337 2952 426 3011 Nunc
444 2970 618 3029 exponemus
637 2971 744 3030 genere
758 2908 825 3029 ipsc
843 2908 965 3012 summe·

189 3047 249 3123 tim,
270 3067 333 3128 que
353 3051 439 3112 risum
459 3049 581 3109 maxime
601 3060 741 3124 morcant.
780 3049 854 3109 Hrcc
876 3049 964 3128 igitur
