2167 3525
105 263 197 327 nau}
385 266 429 319 nn
448 266 612 313 ossanna
875 260 927 319 131

104 416 260 495 gignendt,
288 427 336 475 aut
361 417 487 477 sedandrl
519 417 689 489 tolleadtve,
715 427 880 477 uacmtur.

105 510 185 572 Huic
205 516 303 591 generi
322 515 455 591 subjecte
475 524 542 573 sunt
555 514 775 587 cohortationes,
789 514 882 591 objur-

104 609 243 687 gationes,
264 611 482 683 consolationes,
506 610 713 682 miserationes,
733 612 882 686 omnisque

106 705 142 765 ad
161 723 274 763 omnem
295 706 381 765 animi
401 716 508 765 motum
528 716 559 764 et
577 706 720 783 impulsio,
740 719 769 766 et
783 708 822 786 (si
842 708 882 768 ita

103 820 150 859 ros
163 802 246 881 seret)
259 803 423 880 mitigatio„
896 810 913 858 5

142 898 298 975 Explicatis
318 900 403 977 igitur
422 900 467 959 his
487 901 639 981 generibus
659 920 694 961 ac
713 902 806 962 modis
826 903 881 960 dis-

103 996 295 1071 ceptationum
308 996 443 1077 manium,
458 997 529 1055 nihil
543 1017 612 1056 sane
626 998 735 1057 adrem
747 1000 881 1075 pertinet,

100 1091 127 1151 si
147 1093 204 1169 ,qut
227 1092 257 1151 in
281 1112 312 1151 re
335 1092 506 1169 discrepavit
533 1086 580 1151 ah’
594 1094 715 1162 Antonii
741 1095 880 1157 divisione

102 1200 204 1248 nostra
222 1189 353 1266 partitio;
385 1190 484 1247 eadem
510 1190 588 1247 enim
614 1201 680 1248 sunt
703 1194 829 1252 membra
849 1194 880 1251 in

102 1286 246 1361 utriusque
267 1285 514 1362 disputationibus,
533 1287 584 1345 aed
603 1287 689 1363 paulo
708 1306 791 1345 secus
805 1308 822 1346 a
835 1307 880 1345 me
896 1294 926 1343 1⁰

103 1393 185 1457 atque
212 1384 247 1441 ab
274 1382 323 1441 illo
348 1383 452 1458 partita
477 1402 511 1441 ac
533 1383 692 1453 distributa
733 1384 822 1442 Nunc
845 1385 879 1442 ad

101 1479 209 1554 reliqua
221 1478 395 1555 progrediar,
410 1498 512 1553 meque
527 1479 562 1536 ad
575 1498 670 1537 meum
690 1498 793 1539 munus
810 1500 880 1557 pen·

100 1592 218 1650 sumque
244 1575 392 1633 revocabo.
447 1574 533 1647 Nam,
560 1594 597 1632 er
622 1575 678 1635 illis
703 1576 776 1635 locis
808 1596 879 1653 quos

100 1671 230 1746 exposuit
241 1671 394 1743 Antopius,
404 1672 505 1729 omni'a
517 1682 592 1743 suot,
608 1672 642 1731 ad
655 1692 775 1749 quaeque
794 1693 879 1751 geue-

100 1787 133 1826 ta
152 1767 347 1842 quaestionum,
369 1779 535 1846 argumenta
560 1771 714 1831 sumenda:
741 1772 792 1830 sed
816 1772 924 1830 aliia15

99 1863 252 1941 generibus
272 1864 319 1922 alii
339 1865 395 1923 loci
422 1865 513 1944 magis
538 1876 622 1924 erunt
644 1867 722 1942 apti3
750 1868 787 1925 de
810 1885 877 1944 quo,

99 1978 156 2016 non
169 1970 228 2018 tam
239 1961 306 2036 quia
316 1961 434 2039 longum
447 1973 500 2034 est,
510 1982 596 2038 quam
607 1964 673 2038 quia
685 1965 875 2042 perspicuum,

99 2055 157 2114 dici
171 2055 241 2114 nihil
254 2067 297 2114 est
309 2077 435 2119 necesse.

138 2151 332 2210 Ornatissimae
365 2165 431 2212 sunt
456 2155 544 2231 igitur
571 2157 713 2214 orationes
736 2175 790 2228 eae,
813 2177 874 2232 qun

98 2247 235 2307 latissime
261 2257 407 2324 vagantur,
434 2260 472 2320 et,
500 2269 517 2306 a
541 2250 651 2324 privati
680 2271 714 2308 ac
739 2252 876 2329 singulari
890 2267 921 2316 2⁰

98 2343 302 2414 controversih,
322 2362 353 2400 se
374 2344 408 2400 ad
427 2345 553 2402 universi
578 2346 691 2421 generis
711 2349 766 2404 vim
790 2349 875 2425 expli·

98 2440 220 2498 eandam
248 2439 398 2498 conferunt
418 2450 445 2496 et
465 2451 645 2514 convertunt,
669 2453 700 2501 ut
718 2443 740 2501 ii
759 2445 807 2520 qui
828 2465 875 2503 au·

99 2536 189 2608 diant,
208 2535 317 2607 naturis,
333 2545 361 2592 et
380 2554 494 2612 genere,
509 2547 538 2592 et
552 2536 683 2595 universal
703 2558 733 2596 re
743 2541 873 2617 cogniti,

99 2633 134 2690 de
148 2632 267 2709 singulis
280 2632 345 2704 reis,
360 2642 388 2690 et
401 2631 578 2704 criminibus,
592 2634 731 2693 stlitibus
750 2646 874 2694 statuere

98 2728 212 2805 possint.
253 2727 339 2786 Hanc
359 2729 394 2786 ad
411 2729 650 2786 consuetudinem
662 2732 874 2790 exercitationis
888 2748 921 2797 25

98 2843 158 2895 vos,
172 2824 381 2896 adolescentes,
402 2835 445 2883 est
472 2825 637 2884 cohortatus
660 2827 814 2898 Antonius,
836 2840 874 2886 at·
979 2810 985 2829 ⁸

98 2939 163 2996 que,
179 2921 325 2978 arpinatis
346 2922 527 2998 angustisque
548 2923 817 2995 concertationibus,
838 2926 874 2982 ad

98 3034 212 3078 omnem
226 3017 281 3074 vim
298 3017 515 3093 varietatemque
535 3036 586 3074 vos
604 3017 761 3077 disserendi
781 3021 875 3083 tradu-
