2167 3525
120 295 148 343 1..
158 296 212 357 m]
357 358 359 363 ¹
400 296 443 347 ca
464 296 626 345 carrona
887 284 942 350 ut

120 455 149 503 te
162 435 273 522 semper
293 446 378 505 etiam
397 447 507 523 potiora
526 448 650 518 duxisse,
663 461 726 521 qne
739 445 776 505 ad
788 442 900 520 sapien·

120 544 190 601 tiam
223 554 392 619 spectarent,
420 554 503 619 atque
531 562 568 601 ex
600 542 644 601 his
676 543 750 601 hano
781 538 899 599 dicendi
958 552 975 587 ⁰

121 640 233 717 copiam
248 640 368 701 tunna.
410 640 468 699 Sed
481 652 587 711 tamen,
601 658 667 699 cum
681 656 781 697 omnes
793 636 898 715 gradus

121 738 212 795 atatis
237 738 370 796 recordor
397 748 462 809 tuae,
489 756 611 813 eumque
637 736 724 796 vitam
753 744 831 794 tuam
863 750 899 793 ec

121 834 216 892 studia
234 834 398 903 conrider03
419 852 520 910 neque,
534 852 592 909 quo
611 842 738 909 tempore
757 832 811 890 ista
828 830 929 895 didi-tl

121 930 204 1002 ceris,
231 930 324 1001 rideo,
350 948 406 989 nec
432 948 604 1007 magnopere
635 939 664 989 te
696 928 758 990 istis
786 926 898 999 studiis,

120 1026 291 1098 hominibus,
311 1026 401 1097 libris,
422 1025 551 1103 intelligo
577 1026 719 1095 deditum
745 1042 837 1100 neque
856 1033 898 1089 ta
949 1008 952 1016 ¹

120 1137 185 1179 men
198 1139 314 1197 pomum
327 1130 459 1191 statuere,
473 1130 567 1178 utrum
586 1119 676 1197 magis
688 1120 784 1190 mirer,
796 1128 826 1177 te
838 1117 897 1188 illa,
1006 1186 1012 1210 κ

121 1232 182 1289 qum
207 1214 279 1273 mihi
304 1214 456 1290 persuades
489 1214 611 1271 maxima
637 1232 699 1272 esse
726 1214 897 1289 adjumenta,

119 1311 246 1385 potuisse
260 1311 290 1367 in
302 1310 360 1369 tuis
372 1310 459 1368 tantis
472 1310 708 1386 occupationibus
719 1309 897 1386 perdiscere3
913 1316 944 1368 rt

122 1426 167 1478 an,
181 1407 205 1463 si
219 1425 278 1463 non
290 1407 426 1481 potueris,
439 1424 521 1481 posse
535 1407 591 1465 isto
604 1406 689 1463 modo
702 1405 807 1463 dicere.

161 1502 220 1561 Hic
234 1503 363 1574 Crassus,
377 1503 444 1561 Hoc
457 1502 519 1573 tibi,
534 1502 635 1577 inquit,
649 1500 899 1577 Catule,primu1n

121 1598 292 1675 persuadeas
312 1598 404 1669 velim,
425 1616 549 1657 menon
570 1598 659 1655 multo
684 1615 768 1655 secus
793 1596 897 1667 farere,

122 1714 188 1753 oum
208 1694 244 1753 de
264 1704 373 1753 oratore
393 1694 545 1770 disputem,
565 1713 600 1753 ac
621 1694 753 1766 facerem,
774 1692 798 1751 si
824 1702 899 1751 esset

121 1792 193 1851 milri
216 1792 252 1850 de
275 1792 412 1850 histrione
434 1792 597 1851 dicendum.
642 1791 787 1868 Negarem
809 1791 944 1862 enim,15

121 1908 203 1965 posse
221 1907 288 1946 eum
307 1888 469 1948 satisfacere
489 1889 519 1947 in
538 1899 630 1965 gestu,
650 1887 706 1946 uisi
728 1888 897 1964 palaestram,

22 2027 25 2031 -
121 1985 177 2056 nisi
197 1986 299 2044 sultare
318 1985 480 2044 didicisset:
501 1994 603 2060 neque,
622 2004 657 2044 ea
675 2003 742 2045 oum
761 1985 898 2056 dicerem,

121 2097 169 2138 me
187 2097 250 2138 esee
270 2079 436 2138 histrionem
462 2097 580 2138 necesse
606 2091 691 2150 esset,
710 2079 760 2137 sed
780 2079 899 2137 fonasae

122 2191 181 2232 non
194 2172 310 2230 stultum
325 2173 409 2230 alieni
424 2172 535 2230 artificii
548 2172 776 2230 existimatorem.
816 2170 900 2228 Simi-

121 2266 187 2326 liter
213 2283 291 2327 nunc
314 2265 350 2322 de
376 2276 497 2336 oratore,
518 2275 612 2322 vestro
638 2263 770 2340 impulsu,
789 2264 899 2339 loquor,
915 2271 946 2321 w

122 2379 233 2423 summo
258 2361 385 2418 scilicet:
412 2377 522 2436 semper
548 2360 635 2431 enirn,
660 2361 839 2437 quicumque
864 2361 900 2418 de

124 2469 183 2520 arte
197 2469 246 2518 aut
260 2457 394 2517 facultate
406 2456 550 2533 queritur,
561 2457 598 2516 de
611 2457 740 2516 absoluat
753 2467 782 2515 et
793 2457 901 2533 perseo

122 2556 153 2614 tt
173 2554 262 2631 queri
281 2555 361 2612 solet.
411 2555 522 2626 Quare,
541 2553 566 2612 si
584 2554 642 2630 jam
662 2573 708 2614 me
728 2553 813 2612 uultis
836 2573 900 2612 ease

123 2659 275 2723 oratorem,
288 2651 313 2710 si
326 2651 411 2712 etiarn
425 2661 468 2710 sat
482 2651 598 2722 bonurn,
608 2650 633 2708 si
647 2651 753 2711 bonum
768 2651 900 2726 denique,

123 2765 183 2806 non
201 2748 382 2825 repugnabo:
410 2747 478 2822 quid
498 2747 574 2808 enim
594 2765 672 2805 nunc
695 2748 748 2805 eim
769 2742 901 2821 ineptusl
914 2759 947 2808 ὕ

123 2845 166 2904 itt
178 2861 223 2902 me
236 2843 390 2904 existimari
404 2844 472 2902 scio.
512 2842 640 2906 Quodsi
653 2843 693 2902 ita
707 2853 761 2914 est,
774 2862 901 2902 summus

120 2949 220 2998 tamen
241 2950 318 2998 oerte
336 2957 395 2997 non
408 2958 479 2998 snm.
519 2938 623 3014 Neque
635 2940 719 2998 euim·
726 2939 800 3015 apud
812 2939 901 3002 homi-
