2167 3525
136 262 192 324 lat
293 328 296 345 Χ
451 272 495 319 nu
516 272 679 319 onironn
869 271 907 331 [a.
917 272 963 319 ur.

182 420 310 494 tinctam,
330 431 470 493 *ornatum
492 421 630 493 festivam,
652 420 714 479 eine
741 418 963 490 intermissione,

181 518 243 575 eine
256 518 486 595 reprehensione,
499 518 562 575 eine
575 517 719 586 verietate,
732 515 860 591 quamrie
876 516 964 573 clario

182 613 219 673 eit
246 614 390 672 coloribus
415 614 494 691 picta
519 614 563 671 rel
589 613 685 690 poesie
711 612 755 669 rel
781 612 882 684 oratio,
902 630 964 671 non

181 726 265 787 posue
285 710 315 769 in
335 711 524 769 delectatione
544 729 607 769 esee
626 709 769 768 diuturni.
810 709 907 783 Atque
925 727 963 767 eo

149 818 166 867 t
182 806 268 865 citiua
288 806 317 871 ‘ru
338 807 456 865 oratorie
476 816 524 865 aut
537 807 567 865 in
580 810 674 883 poitur
690 804 833 864 cincinnis
847 824 882 863 ac
895 805 964 863 suco

47 886 51 897 ⁸
182 902 345 974 offenditur,
374 903 450 978 quod
483 921 593 975 oeneus,
626 902 658 961 in
688 902 778 960 nimid
810 901 962 977 voluptate,

182 998 292 1070 nutari,
312 1018 370 1059 uon
390 1010 487 1057 mente
512 1000 666 1079 sitientum
694 998 724 1059 iu
750 997 863 1073 scriptia
882 1007 913 1055 et
932 998 963 1056 iu

182 1095 276 1167 dictio,
303 1115 362 1155 non
395 1097 505 1155 aurium
534 1096 637 1168 solum,
664 1095 715 1153 eed
741 1094 829 1153 uuimi
852 1093 964 1171 judicio

182 1192 269 1251 etiam
282 1194 382 1270 magia,
397 1192 523 1251 infucata
536 1193 606 1251 ritia
617 1202 780 1251 noscuntur.

136 1395 167 1445 10
221 1386 334 1445 XXVI.
364 1387 474 1459 Quare,
509 1387 655 1447 “Bauer”
674 1391 719 1445 ‘et
745 1385 962 1445 “Praeclara’'

181 1483 310 1559 quamvis
346 1484 429 1543 nobie
467 1502 540 1558 saepe
577 1482 704 1541 dicatur:
746 1482 895 1541 “fleret'’
933 1494 965 1539 et

184 1579 365 1639 “Furtim''
386 1580 505 1639 nimium
526 1599 601 1657 saepe
624 1580 706 1650 nolo;
733 1598 894 1655 quanquam
915 1578 965 1639 iila

183 1674 245 1752 ipsa
264 1677 443 1749 exclamatio,
458 1678 553 1737 “Noa
566 1686 659 1754 potest
677 1677 800 1747 melias,'’
822 1676 859 1733 eit
878 1675 964 1733 veiim

183 1773 298 1832 crebra:
319 1775 369 1832 eod
390 1775 493 1834 habeat
512 1786 607 1834 temen
628 1775 678 1834 iila
690 1775 720 1834 in
733 1774 857 1832 diceudo
877 1773 966 1840 adim-

136 1881 167 1930 15
181 1868 254 1926 ratio
282 1887 316 1928 ac
343 1889 454 1930 summa
478 1872 540 1931 lane
566 1873 695 1930 umbrum
724 1872 846 1946 aliquam
868 1879 898 1928 et
921 1889 965 1930 re·

182 1983 304 2039 coaeum,
327 1985 383 2041 quc
407 1966 497 2044 magis
521 1968 560 2039 id,
582 1967 656 2043 quod
683 1954 737 2026 crit
763 1968 965 2041 illuminatum,

182 2071 293 2120 exstare
314 2073 397 2140 atque
417 2064 544 2124 eminere
556 2064 693 2124 videatur.
734 2063 888 2142 Nunquam
905 2065 965 2143 egit

183 2158 261 2221 huuc
274 2178 386 2220 veroum
399 2159 526 2228 Roscius
539 2180 576 2220 eo
588 2171 681 2240 gestu,
696 2179 753 2238 quo
765 2171 867 2238 potent,

215 2307 304 2357 “Nam
320 2311 417 2373 repienr
433 2309 519 2359 virtuti
534 2309 653 2359 honorem
669 2308 806 2373 proemium,
819 2309 887 2359 haud
903 2326 965 2375 pre·

299 2389 364 2451 dam,
375 2390 471 2453 petit:”

136 2558 169 2610 ao
184 2542 234 2604 ecd
248 2542 346 2620 abjicit
358 2561 484 2619 promus,
498 2543 573 2604 utin
586 2545 739 2620 proximos,

215 2691 334 2755 “Ecquid
345 2691 434 2740 video?
448 2691 513 2740 semo
523 2699 608 2755 ceptor
619 2693 726 2756 poeddet
735 2693 806 2743 ceder
816 2698 910 2744 meru!
919 2695 934 2716 ”

183 2847 301 2918 incidet,
329 2845 455 2924 aspiciat,
484 2805 646 2919 admiretur,
678 2858 829 2925 etupemat.
881 2847 967 2913 Quid

184 2943 232 3004 iile
246 2943 325 3016 alter,

405 3038 496 3100 “um
507 3040 744 3104 „amaracum”
