2167 3525
103 328 196 388 cut]
386 329 429 376 os
451 329 613 376 cranous.
880 315 936 374 155

102 459 220 536 dicendi
247 479 385 554 consequi
416 480 521 555 posset
574 477 644 554 Non
677 485 721 533 est
753 493 798 533 res
831 483 889 532 tarn

102 572 238 647 difficilis,
257 594 343 652 quam
362 575 541 633 necessaria:
569 573 640 632 nihil
668 583 711 654 est
734 573 810 630 euim
831 580 889 628 tarn

101 664 242 744 tenerum,
263 690 356 748 neque
375 682 434 730 tam
458 670 593 744 flexibile,
614 689 707 747 neque
734 668 810 744 quod
830 677 889 726 tam

7 826 8 832 χ
102 767 187 826 facile
207 778 350 844 sequatur,
365 786 547 843 quocumque
568 768 667 839 ducas,
681 785 766 842 quarn
787 764 887 822 oratio.

101 862 148 922 Ex
166 863 222 923 hae
241 884 347 938 versus,
364 883 400 922 ex
419 865 520 922 eddom
540 864 668 941 dispares
688 861 800 920 numeri
821 873 918 920 con-5

100 959 251 1033 ficiuntur3
273 981 309 1020 ex
321 962 378 1020 hac
398 962 460 1020 hnc
474 962 563 1020 etiam
576 961 670 1020 soluta
683 959 770 1018 variis
783 957 885 1030 modis,

99 1058 309 1135 multorumque
328 1076 477 1137 generum,
492 1057 593 1116 oratio.
634 1056 703 1114 Non
724 1058 801 1115 euim
821 1065 888 1114 sunt

100 1154 156 1214 ulia
168 1156 319 1229 sermonis,
334 1155 390 1214 alie
409 1155 604 1213 contentionis
622 1154 724 1212 verbe:
744 1171 839 1230 neque
851 1165 891 1209 ex'

100 1251 156 1310 aiio
169 1271 277 1331 genere
290 1251 326 1311 ad
340 1255 423 1311 usum
434 1243 643 1328 quotidianum,
656 1251 712 1309 olio
724 1251 758 1309 ud
770 1267 886 1308 scenam
953 1273 955 1276 ·

97 1367 287 1425 pompamque
306 1359 473 1420 sumuntur;
495 1349 546 1406 sed
560 1368 596 1408 ea
608 1367 662 1406 nos
677 1366 743 1406 curn
761 1345 888 1424 jacentia
902 1354 932 1403 lo

98 1445 266 1504 sustulimus
285 1464 302 1504 e
322 1446 428 1517 medio,
452 1446 529 1504 sicut
555 1445 752 1502 mollissimam
779 1461 885 1514 cerem,

99 1541 136 1599 ed
163 1551 291 1600 nostrum
326 1543 473 1601 arbitrium
507 1541 661 1599 formamus
686 1550 716 1598 et
742 1539 884 1618 fingimus.

98 1637 199 1714 Itaque
224 1648 285 1696 turn
312 1657 413 1717 graves
440 1634 548 1711 sumus,
575 1648 636 1696 tum
669 1637 797 1710 subtiles,
824 1646 885 1695 tum

97 1734 224 1795 medium
245 1735 380 1811 quiddam
400 1745 547 1794 tenemus:
575 1734 618 1793 sie
638 1733 796 1793 institutam
821 1751 886 1792 nos·

96 1841 169 1891 tram
182 1832 353 1892 sententiam
375 1833 502 1909 sequitur
523 1832 661 1891 orationis
676 1850 777 1910 genus,
799 1830 885 1907 idque
900 1833 930 1881 15

99 1930 133 1988 ad
151 1948 268 1988 omnem
294 1930 445 2003 rationem,
465 1939 494 1989 et
518 1929 630 1988 aurium
650 1929 834 2005 voluptatem,
854 1938 883 1987 et

98 2027 256 2085 animorum
269 2037 389 2099 motum,
403 2036 528 2086 mutatur
541 2036 572 2083 et
584 2025 710 2087 vertitur.

136 2122 195 2179 Sed
216 2132 248 2179 ut
267 2122 297 2180 in
317 2124 460 2199 plerisque
479 2123 565 2181 rebus
592 2120 797 2179 incredibiliter
824 2121 880 2179 hoo

97 2228 201 2275 natura
219 2228 263 2274 est
282 2218 344 2293 ipsa
363 2217 516 2288 labriceta3
537 2217 626 2275 sicin
639 2216 778 2288 oratione,
793 2225 824 2273 ut
838 2236 881 2291 es,

97 2332 160 2391 qum
179 2312 333 2373 maximam
353 2313 505 2371 utilitatem
526 2312 557 2370 in
576 2330 607 2369 se
627 2312 816 2387 continerent,
837 2330 883 2371 ea·
896 2319 927 2369 20

98 2410 162 2468 dem
183 2410 321 2467 haberent
340 2408 494 2486 plurimum
513 2408 558 2465 vel
579 2408 735 2485 dignitatis,
750 2408 793 2466 rel
808 2428 883 2487 saepe

97 2508 182 2566 etiam
197 2506 361 2565 venustatis.
402 2504 611 2564 Incolumitatis
625 2523 660 2563 ac
673 2505 773 2564 salutis
791 2507 882 2565 omni·

97 2622 145 2661 um
159 2588 247 2662 caust
260 2602 390 2661 videmus
404 2603 481 2660 hunc
494 2612 599 2660 statum
613 2618 676 2675 esse
696 2601 781 2679 hujus
793 2603 881 2661 totius

97 2700 196 2757 mundi
217 2710 302 2775 atque
322 2710 440 2772 nature,
454 2700 608 2757 rotundum
622 2708 653 2756 ut
666 2699 780 2772 coslum,
795 2708 882 2761 terra·

97 2815 152 2873 que
165 2806 196 2855 ut
209 2798 304 2855 media
317 2796 364 2869 sit,
378 2814 469 2872 eaque
486 2796 539 2855 sui
552 2795 580 2853 vi
593 2806 720 2871 nutuque
733 2806 881 2865 teneatur3
893 2802 925 2851 25

97 2893 140 2951 sol
166 2905 198 2952 ut
224 2894 450 2965 circumferetur,
477 2904 509 2951 ut
542 2892 661 2949 accedat
691 2893 725 2950 ad
753 2892 880 2951 brumale

97 2990 221 3067 signum,
245 3001 274 3047 et
297 2990 364 3047 inde
387 2990 492 3047 sensim
520 2988 657 3047 ascendat
683 2989 713 3046 in
740 2988 880 3047 diversum

96 3097 221 3165 partem3
251 3097 283 3143 ut
306 3084 375 3143 luna
398 3102 516 3142 accessu
539 3095 569 3142 et
591 3102 706 3142 recessu
733 3104 786 3143 suo
812 3085 880 3143 solis
