2167 3525
153 282 193 341 ω
458 296 516 343 on
538 295 701 343 cardoun.
900 290 981 351 [arr.

200 460 246 507 me
265 442 443 519 potissimum
459 454 579 520 partem,
592 461 656 521 qun
669 439 791 500 manime
804 430 982 499 commorere

201 537 311 593 animos
325 536 472 595 hominum
485 546 588 613 potest,
602 536 726 596 confero.

238 633 359 691 Summa
381 633 504 709 denique
528 634 613 710 hujus
638 632 752 711 generis
777 632 840 690 hec
861 641 915 703 est,
939 641 980 700 ut,

200 727 225 785 si
244 726 275 785 in
294 727 451 786 refellendo
477 728 638 786 adversario
664 727 771 785 firmior
797 745 860 784 ease
879 726 981 797 oratio,

170 834 285 900 squam
317 824 348 882 in
380 824 583 884 confirmandis
616 824 721 883 nostris
754 824 849 894 rebus,
878 832 981 899 potest,

199 920 296 978 omnia
309 920 339 977 in
352 920 432 977 illum
447 920 592 979 conferam
607 920 678 990 tela;
700 920 745 977 siu
758 929 857 976 nostra
869 918 982 975 facilius

199 1016 324 1091 probari,
347 1034 432 1093 quam
456 1016 504 1074 illa
527 1016 660 1093 redargui
685 1024 815 1092 possunt,
839 1014 982 1073 abducere

201 1112 311 1171 animos
334 1131 352 1169 a
374 1112 519 1170 contrarii
545 1111 721 1183 defensione,
744 1120 774 1168 at
797 1110 833 1169 ad
855 1119 983 1168 nostram

201 1226 288 1265 conor
302 1208 460 1267 traducere.

156 1317 187 1367 10
240 1304 305 1362 Duo
337 1304 461 1380 denique
495 1305 553 1376 illa,
580 1322 643 1380 qua
677 1304 813 1363 facillima
840 1303 982 1373 ridentur,

1076 301 1078 350 r

202 1400 351 1479 (quoniam
378 1420 440 1476 qun
467 1401 630 1459 difficiliora
657 1412 733 1474 suut,
760 1419 819 1459 non
851 1403 981 1478 possum)
1076 1447 1077 1482 Τ

201 1497 271 1555 mihi
291 1516 342 1573 pro
362 1516 427 1555 mco
444 1497 508 1574 jure
521 1507 621 1555 sumo‘:
642 1516 741 1568 unum,
754 1506 787 1553 ut
800 1496 920 1553 molesto
933 1506 983 1553 aut
1076 1557 1077 1560 Ἴ

202 1592 311 1650 difficili
332 1603 508 1669 argumento,
524 1604 573 1651 aut
587 1594 663 1665 loco,
677 1610 880 1667 nonuunquam
893 1592 984 1650 omui-

201 1706 240 1745 no
259 1687 330 1745 nihil
350 1689 553 1765 respondeam3
574 1690 650 1766 quod
670 1688 788 1746 forsitan
807 1687 909 1764 aliquis
919 1687 983 1765 jure
1076 1703 1077 1736 1

156 1799 187 1849 15
201 1785 336 1843 irriserit:
357 1780 421 1860 quis
433 1784 511 1842 euim
525 1797 577 1856 est,
589 1787 638 1860 qui
652 1786 681 1843 id
695 1786 790 1842 facere
803 1803 862 1842 uon
875 1785 982 1860 possiti

201 1879 252 1938 scd
271 1889 367 1936 tamen
386 1897 442 1956 ego
460 1880 498 1937 de
517 1881 583 1938 mci
605 1899 694 1951 nunc,
714 1899 773 1938 non
794 1880 831 1937 de
851 1879 982 1951 aliorum,

203 1975 336 2034 facultate
372 1976 495 2051 disputo,
531 1976 729 2052 confiteorque
765 1994 821 2048 me,
857 1974 883 2034 si
918 1997 982 2052 quae
1075 1988 1076 2033 1

200 2082 310 2148 premat
335 2091 381 2129 rcs
403 2073 608 2145 vehementius,
632 2072 673 2131 ita
699 2074 802 2132 cedere
825 2073 927 2144 solere,
950 2083 983 2130 ut

201 2188 259 2228 uon
282 2169 367 2227 modo
391 2187 449 2228 non
474 2170 595 2247 abjecto,
619 2170 671 2227 sed
693 2189 731 2227 ne
744 2170 853 2247 rejecto
866 2170 982 2246 quidem

156 2283 188 2332 so
201 2276 293 2338 scuto,
314 2267 412 2344 sugere
432 2266 544 2338 ridear;
565 2266 615 2324 sed
636 2267 771 2326 adhibere
790 2267 931 2343 quandam
951 2265 982 2324 in

201 2360 325 2419 dicendo
345 2363 470 2439 speciem
491 2372 576 2437 atque
589 2381 733 2438 pompam,
747 2372 777 2419 et
788 2380 892 2438 pugne
905 2361 983 2418 simi-

201 2457 257 2516 lem
272 2457 383 2534 fugam3
405 2459 562 2515 consistere
575 2477 642 2516 vcro
656 2457 685 2516 ic
699 2475 765 2515 meo
781 2457 915 2533 pracsidio
927 2456 981 2527 sic,

201 2563 305 2612 utnon
326 2553 453 2630 fugiendi
475 2554 573 2624 hostis,
588 2555 639 2610 sed
659 2553 792 2629 capiendi
811 2553 878 2623 loci,
893 2553 983 2612 causi

201 2650 321 2708 cessisse
347 2649 451 2708 videar.
493 2649 625 2707 Alterum
650 2659 694 2708 est
719 2648 799 2720 illud,
826 2649 902 2724 quod
927 2667 984 2725 epo

155 2762 187 2813 m
200 2747 306 2804 oratori
326 2746 448 2804 maxime
468 2746 627 2803 cavendum
640 2755 669 2804 ct
681 2745 887 2821 providendum
902 2754 982 2820 puto,

201 2843 333 2918 quodque
353 2861 399 2900 me
419 2842 573 2900 sollicitare
592 2860 703 2900 summe
728 2841 817 2898 soler:
844 2859 904 2898 non
923 2850 984 2900 tarn

201 2950 234 2998 ut
252 2940 357 3015 prosim
384 2939 488 3010 causis,
508 2938 654 2997 elaborare
676 2937 767 3009 soleo,
786 2956 872 3013 quam
893 2947 925 2996 ut
945 2956 983 2996 ne

201 3035 270 3123 quid
283 3036 391 3096 obsim:
412 3054 471 3094 non
484 3036 553 3111 quin
569 3035 736 3096 enitendum
749 3037 787 3094 sit
800 3035 830 3093 in
843 3045 980 3110 utroque;
1073 3084 1074 3111 ἲ
