2167 3525
149 314 205 374 114
463 326 506 375 nn
528 326 689 373 oneronu.
872 321 960 383 [nur

191 473 321 551 publices
355 493 455 533 causes
491 474 668 547 accesserim,
703 490 849 547 annosque
882 480 968 529 nctus

193 588 282 628 unum
301 581 330 630 et
349 572 459 649 viginti,
475 571 681 629 nobilissimum
700 569 843 627 hominem
862 576 892 625 et
910 566 969 624 elo-

194 667 408 743 quentissimum
435 669 464 726 in
489 668 628 745 judicium
649 666 790 736 vocirim;
817 663 865 723 oui
884 662 970 721 disci·

194 763 271 839 plina
291 764 374 822 suerit
394 765 500 835 sorum;
527 765 660 840 magister
680 782 757 834 usus,
778 772 807 819 et
831 760 920 838 leges,
939 770 969 817 et

164 869 182 919 5
196 860 322 919 institute
331 861 427 936 populi
437 861 573 931 Romani,
584 878 701 935 mosque
711 860 858 935 majorum.
895 856 968 915 Pau⁴

195 956 254 1016 lum
281 958 387 1029 sitiens,
408 956 524 1015 istorum
547 957 659 1028 ortium,
679 955 715 1013 de
735 954 838 1031 quibus
857 953 967 1028 loquor,

195 1053 315 1129 gustavi,
335 1062 455 1128 questor
474 1054 504 1110 in
523 1052 596 1110 Asis
622 1071 688 1110 cum
709 1070 810 1118 essem,
830 1049 970 1125 equalem

196 1148 254 1206 sere
274 1168 368 1207 meum
389 1167 424 1206 ex
443 1148 601 1206 Academii
622 1148 763 1206 rhetorem
782 1157 894 1218 nactus,
908 1144 972 1203 Me·

196 1245 340 1302 trodorum
360 1245 448 1317 illum,
463 1246 498 1303 d'e
512 1245 593 1320 cujus
612 1245 748 1301 memorii
768 1262 971 1301 commemore-

151 1340 183 1391 10
196 1340 236 1398 vit
255 1340 412 1411 Antonius,
440 1351 478 1411 ct,
502 1341 568 1398 inde
588 1340 739 1411 decedens,
761 1338 885 1397 Athenis
892 1358 900 1409 3
921 1338 971 1396 ubi
1010 1334 1019 1343 ’

196 1455 250 1514 ego
270 1437 376 1495 diutius
396 1456 486 1494 essem
507 1446 642 1507 moratus,
663 1435 717 1494 nisi
737 1434 971 1513 Atheniensibus,

196 1533 272 1610 quod
298 1533 430 1609 mysterio
462 1552 519 1591 non
553 1532 699 1603 referrent,
727 1532 762 1589 ed
788 1550 851 1607 quae
884 1530 972 1591 biduo

197 1630 287 1688 serius
319 1648 459 1701 venerem,
486 1630 720 1687 succensuissem.
772 1627 873 1690 Quare
905 1627 971 1697 hoc,

196 1726 271 1803 quod
292 1726 465 1803 complector
484 1737 591 1786 tantam
611 1726 760 1784 scientiam
776 1724 887 1800 vimque
906 1723 973 1782 doo-

115 562 130 595 Φ

153 1825 184 1874 15
197 1823 288 1894 trinae,
301 1842 360 1883 non
380 1823 463 1881 modo
482 1841 540 1882 non
560 1842 612 1899 pro
626 1841 680 1894 me,
694 1823 745 1879 sed
759 1832 858 1880 contre
871 1840 917 1878 me
930 1830 974 1878 est
1078 1848 1079 1893 ,

196 1918 300 1994 potius,
321 1915 393 1994 (non
419 1918 506 1989 enim,
533 1917 601 1994 quid
627 1937 691 1994 ego,
711 1919 762 1975 sed
787 1918 855 1994 quid
880 1927 974 1975 orator
1078 1984 1079 1991 ἵ

197 2015 294 2090 possit,
308 2013 445 2092 disputo‚)
466 2023 549 2088 atque
565 2013 618 2069 hos
632 2031 740 2084 omnes,
754 2013 803 2088 qui
821 2023 895 2070 artes
912 2012 976 2071 rhe-
1078 2002 1079 2009 ἵ

198 2109 302 2168 turicas
326 2120 478 2186 exponunt,
502 2109 697 2186 perridiculos.
739 2109 874 2166 Scribant
897 2109 976 2166 enirn
1078 2154 1079 2157 η

199 2205 235 2266 de
248 2207 338 2266 litium
352 2225 466 2285 genere,
480 2217 509 2264 et
523 2206 559 2264 de
578 2205 735 2282 principiis,
749 2215 778 2264 et
791 2206 827 2262 de
840 2205 977 2263 narratio-

154 2303 185 2353 2⁰
199 2304 291 2362 uibus.
337 2303 391 2362 Ille
410 2304 451 2360 ris
471 2313 565 2360 autem
584 2303 752 2377 eloquentie
773 2312 851 2359 tanta
870 2311 923 2372 est,
944 2311 976 2359 ut

200 2399 327 2458 omnium
350 2417 453 2471 rerum,
474 2400 617 2471 virtutum,
637 2399 806 2469 officiorum,
826 2398 977 2472 omnisque

199 2504 317 2567 ueturae,
332 2514 393 2571 que
414 2513 506 2552 mores
526 2495 761 2570 hominumque
781 2495 899 2567 animos,
912 2513 978 2569 que

200 2591 286 2650 vitam
317 2590 454 2662 continet,
481 2590 630 2667 originem,
657 2591 724 2662 uim,
751 2591 978 2667 mutationesque
1078 2628 1079 2655 2

201 2697 311 2757 teneat;
332 2685 430 2744 eedem
444 2704 547 2757 mores,
561 2687 648 2764 leges,
659 2688 725 2763 jure
740 2688 892 2761 describet,
906 2707 978 2746 rem-

156 2788 187 2838 25
200 2784 343 2860 publicam
364 2793 453 2858 regat,
473 2783 633 2858 omnisque,
649 2783 683 2842 ed
705 2804 903 2862 quencumque
916 2804 978 2844 reru
1078 2794 1079 2799 ’

200 2878 369 2956 pertineant,
390 2889 498 2950 ornate,
525 2879 696 2955 copioseque
722 2880 807 2940 dicet
859 2881 893 2940 In
920 2900 979 2959 quo

202 2993 307 3054 genere
326 2993 379 3034 nus
398 2975 511 3050 quidem
531 2994 673 3034 versemur
699 2987 819 3052 tentum,
839 2989 978 3054 quantum

202 3089 360 3148 possumus,
381 3080 516 3146 quantum
539 3072 665 3150 ingenio,
685 3084 820 3150 quantum
840 3074 978 3134 mediocri
