2167 3525
146 165 244 279 nm]
432 217 476 264 m:
498 215 666 266 omrem..
922 210 978 266 157

151 368 183 426 iu
202 367 278 426 eaelo
296 372 476 437 statueretur,
489 365 540 424 ubi
560 363 651 424 imber
670 373 733 422 aare
752 373 809 423 uon
824 373 932 440 'postet
992 425 993 430 ,

152 463 260 521 nullam
280 462 343 520 eine
362 461 474 539 fastigio
491 461 663 538 ,dignitatem
684 460 847 521 habiturum
870 479 936 522 esre

143 559 291 617 rideatur.

192 655 259 714 Hoc
272 655 303 713 in
314 655 447 714 omnibus
459 654 528 712 item
541 653 670 730 pertibus
683 652 819 737 orationis
829 655 932 728 evenit,

154 764 186 810 ut
212 751 372 822 utilitatem,
399 769 434 810 ao
459 769 548 827 prope
562 750 784 822 ,nenessitatem
811 751 963 816 maritans

154 847 282 923 quedem
295 857 325 904 et
336 846 418 922 lepos
435 854 634 921 uoneequatur.
676 845 826 914 Clausulas
845 846 932 919 enim,

155 953 238 1018 atque
257 941 619 1018 interpunotererborum,
640 941 741 1000 animm
767 942 933 1002 interclusio

155 1052 239 1116 atque
253 1039 391 1117 angustie
403 1039 519 1115 spiritua
537 1040 700 1098 attulerunt
740 1039 775 1097 Id
788 1040 934 1100 inventum

154 1137 194 1194 ita
205 1148 250 1194 eet
262 1154 358 1207 auare,
368 1146 410 1208 ut,
420 1134 444 1192 ei
459 1135 507 1194 oui
520 1135 558 1194 eit
571 1134 699 1194 infinitus
711 1135 826 1212 spiritns
839 1138 933 1209 datur,

145 1224 249 1291 'tamen
269 1250 336 1300 eum
355 1242 523 1308 perpetuare
542 1231 629 1290 rerba
647 1218 786 1292 nolimus:
809 1231 837 1290 id
857 1232 934 1290 enim
949 1243 981 1292 10

83 1315 88 1328 ⁴
156 1319 272 1388 auritus
284 1329 389 1386 nostrie
405 1338 517 1406 gratum
530 1337 574 1388 eet
588 1328 743 1400 inventum,
756 1328 832 1404 quod
844 1328 934 1386 homi·

155 1441 225 1482 num
243 1424 380 1482 lateribus
398 1421 456 1484 non
475 1423 624 1483 tolerabile
649 1423 751 1495 nolum,
771 1423 821 1482 ned
847 1423 933 1486 etiam

147 1518 251 1590 semla,
264 1536 328 1576 esse
340 1528 444 1596 posset.
506 1591 511 1598 ι

195 1707 317 1771 XLVII.
348 1707 527 1790 longissima
565 1721 609 1771 eet
648 1707 734 1790 igitur
775 1711 933 1790 complexio

156 1808 316 1881 verborum,
336 1828 399 1883 qun
425 1808 498 1867 volti
524 1827 583 1868 uno
609 1809 709 1885 spiritu
734 1820 837 1887 potest
875 1810 935 1871 Sed
950 1810 982 1861 15

156 1904 205 1963 hio
216 1915 325 1963 naturae
338 1905 440 1963 modus
452 1914 505 1977 eet,
520 1904 587 1965 artir
608 1905 695 1964 aliun:
716 1924 782 1965 nam
798 1922 864 1967 eum
877 1907 935 1965 aiut

155 2002 267 2061 numeri
279 2002 388 2078 plurem
409 2003 540 2061 iambum
548 2013 578 2062 et
590 2004 745 2064 trochaeum
759 2005 936 2079 frequentem

157 2108 288 2176 segregat
308 2099 343 2155 ab
368 2109 480 2156 oratore
500 2098 679 2170 Aristoteles,
700 2099 812 2170 Catule,
832 2110 934 2171 venter,

158 2192 206 2269 qui
230 2192 332 2250 natura
353 2203 450 2251 tamen
472 2193 622 2251 incurrunt
647 2192 701 2269 ipsi
724 2194 754 2252 in
778 2195 935 2253 orationem

157 2306 373 2364 sermonemque
392 2300 536 2358 nostrum3
564 2288 614 2347 aed
640 2299 706 2348 suut
730 2289 856 2368 insignes
873 2310 935 2367 per-
950 2297 982 2347 20

158 2384 305 2443 enesionea
330 2402 429 2442 eorum
454 2401 645 2457 numerorum,
665 2395 694 2443 et
713 2385 814 2445 minuti
839 2388 933 2464 peden

157 2482 259 2545 Quare
277 2481 399 2558 primum
419 2481 455 2539 ad
474 2481 592 2539 heroum
618 2500 672 2541 noa
697 2482 801 2559 dactyli
821 2494 850 2543 et
870 2502 936 2543 ana·

157 2577 238 2654 pesti
257 2588 287 2636 et
305 2577 424 2653 spondei
442 2577 545 2653 pedem
565 2577 679 2650 inritet3
700 2579 800 2655 inquo
819 2580 934 2657 impune

157 2674 291 2753 progredi
317 2674 386 2733 lieet
411 2675 470 2733 dno
495 2675 631 2735 duntaxat
655 2676 752 2751 pedes,
781 2686 828 2735 aut
850 2676 934 2753 paulo

158 2770 232 2845 plue,
258 2788 295 2828 ne
321 2770 405 2847 plane
435 2770 466 2830 in
498 2788 608 2829 versum
641 2781 690 2829 aut
721 2771 935 2831 similitudinem
950 2788 982 2838 25

160 2882 290 2925 versuum
304 2865 470 2929 ineidamur.
511 2867 585 2927 Alie
603 2876 669 2925 aunt
689 2867 819 2945 geminae,
833 2868 935 2944 quibua

238 2978 303 3018 von.
317 2980 349 3019 n.
468 2963 505 3019 rt
