2167 3525
169 274 225 336 ua
482 286 525 333 uu
548 286 709 333 cosmus
896 283 988 345 [um

210 432 287 505 satis,
308 433 367 507 sed,
388 443 420 501 ut
439 432 498 510 ipse
525 434 651 506 dicebas,
672 432 802 492 celeriter
828 432 989 509 exigueque

209 529 337 600 dixisses,
358 530 429 590 duas
448 530 500 589 tibi
518 531 642 605 reliquas
668 529 787 601 feceras,
806 529 989 605 quemadmo-

209 624 277 683 dum
296 626 420 702 primum
438 636 546 697 ornate,
561 625 665 686 deiude
684 625 770 682 etiam
791 636 865 700 apte,
879 624 988 681 dicere·

163 771 167 779 ,
208 739 280 780 mus.
332 721 403 791 Quo
429 741 494 781 cum
527 723 672 799 ingressus
703 740 790 793 esses,
816 730 987 797 reperitote

181 818 289 893 dquasi
310 818 428 894 quidam
454 827 538 887 estus
565 818 673 895 ingenii
693 818 735 875 tui
754 817 853 892 procul
875 817 986 875 aterri

210 914 340 989 abripuit,
369 925 451 989 atque
484 914 514 971 in
547 914 635 973 altum
667 933 685 973 a
716 923 874 989 conspectu
905 932 986 989 paenc

208 1008 336 1067 omnium
357 1008 499 1068 abstraxit.
540 1010 664 1067 Omnem
684 1010 759 1067 enim
780 1025 875 1066 rerum
895 1009 986 1067 scieu-

208 1104 278 1165 tiam
307 1106 480 1181 complexus,
506 1124 565 1165 non
597 1116 628 1163 tu
661 1106 774 1181 quidem
806 1123 870 1162 earu
902 1105 985 1162 uobis

208 1200 349 1259 tradidisti
364 1200 470 1278 (neque
483 1201 559 1259 enim
571 1201 628 1259 t'uit
640 1211 697 1259 tam
710 1200 805 1277 exigui
819 1200 983 1279 temporum

164 1295 269 1367 laseri,
303 1297 377 1372 apud
411 1296 463 1357 hos
494 1296 563 1371 quid
594 1295 758 1372 profeceris,
791 1296 906 1367 nesci03
938 1314 985 1353 me

208 1392 322 1469 quidem
348 1393 379 1451 in
405 1392 593 1454 Academiam
617 1401 707 1449 totum
735 1390 903 1466 compulisti.
949 1389 983 1449 Ia
1073 1373 1074 1437 Ῑ

208 1488 266 1563 qud
285 1488 368 1545 veiim
389 1488 425 1545 sit
444 1487 525 1559 illud,
539 1486 616 1561 quod
635 1504 710 1561 sepe
728 1485 858 1562 posuisti,
874 1496 907 1543 ut
925 1505 983 1543 uou
1073 1551 1074 1560 χ

207 1602 326 1645 necesso
345 1583 382 1642 sit
401 1600 568 1641 consumere
582 1592 703 1654 etatem,
717 1592 801 1657 atque
815 1592 845 1641 ut
856 1582 983 1658 possitis
1073 1587 1074 1596 ’

207 1678 256 1739 ills
275 1678 371 1740 omnia
390 1694 516 1751 cernere,
527 1677 587 1753 .qui
606 1679 802 1750 tantummodo
828 1678 981 1753 aspexerit:

163 1787 194 1838 ιι
207 1774 258 1832 sed
281 1773 391 1836 etiamsi
418 1785 463 1834 est
494 1775 639 1850 aliquanto
668 1775 794 1851 spissius,
816 1785 865 1832 aut
883 1775 910 1832 si
930 1794 982 1852 ego
1072 1838 1073 1847 ,

208 1889 271 1930 sum
297 1871 411 1942 tardior,
437 1871 567 1947 proiecto
593 1891 738 1947 uunquam
770 1873 981 1948 conquiescam,

207 1983 300 2042 usquc
317 1966 495 2044 defatigabor
515 1977 591 2039 ante,
609 1987 694 2042 quam
713 1968 827 2040 illorum
846 1969 982 2044 aucipites

207 2062 267 2121 vias
298 2061 488 2138 rationesque,
513 2073 543 2120 et
574 2083 626 2140 pro
658 2065 800 2139 omuibus,
826 2076 856 2123 et
882 2075 982 2122 contra

207 2158 313 2232 omnia,
327 2157 488 2235 disputandi
500 2176 664 2235 percepero.

161 2265 193 2318 2]
245 2254 323 2313 Tum
337 2255 443 2327 Caesar,
456 2254 563 2326 Unum,
577 2255 677 2330 iuquit,
691 2275 738 2314 me
756 2275 792 2313 cx
810 2267 862 2315 tuo
879 2274 982 2314 sermo·

208 2369 245 2408 ue
264 2351 396 2422 maxime,
411 2350 524 2422 Crasse,
538 2351 702 2424 commovit,
715 2352 790 2426 quod
804 2371 869 2409 sum
882 2352 982 2428 nagis-
1070 2396 1071 2399 ,

207 2446 240 2518 ti,
253 2447 302 2520 qui
315 2439 374 2505 nou
388 2446 446 2505 cito
463 2447 531 2522 quid
551 2447 707 2519 didicisset,
722 2467 845 2524 uuquam
865 2449 982 2506 omniuo

206 2559 289 2618 Ροεειθ
307 2541 483 2618 Ρθῐάῗθῦθῐθῐ
504 2552 536 2599 ut
553 2535 623 2602 milii
643 2563 701 2603 nou
720 2544 757 2602 sit
776 2544 891 2602 difficile
911 2544 983 2620 peri·
1070 2546 1071 2553 ’

207 2637 308 2709 clitari,
322 2647 352 2695 et
365 2649 413 2696 aut
425 2637 520 2696 statim
532 2640 680 2716 percipere
692 2641 755 2712 ista,
769 2659 831 2716 que
843 2651 875 2698 tu
889 2642 982 2700 verbis

160 2739 193 2794 25
206 2733 242 2793 ad
256 2734 358 2792 cutum
372 2733 512 2804 extulisti;
534 2745 592 2806 aut,
602 2735 626 2792 si
639 2755 696 2794 uon
709 2737 859 2812 potuerim,
870 2748 983 2813 tempus

205 2849 264 2888 uon
276 2831 404 2907 perdere,
418 2849 484 2888 cum
503 2841 599 2890 umen
612 2831 657 2890 his
671 2832 776 2891 uostris
794 2834 900 2908 possim
919 2852 983 2892 esse

206 2937 364 2988 contentus.

245 3020 305 3082 Hic
336 3023 492 3101 Sulpicius,
523 3023 588 3102 Ego
623 3041 700 3097 vero,
732 3025 834 3100 iuquit,
867 3025 982 3101 Crasse,
