2167 3525
134 294 213 357 um]
415 298 457 345 ue
478 298 642 346 ommes
699 304 704 317 ·
922 285 961 343 tc

130 464 189 502 non
210 445 299 505 videri
319 448 477 525 intelligere
496 448 572 525 quod
593 448 745 525 intelligas,
765 456 798 505 ut
816 444 914 505 Ponti-

14 608 15 617 χ
130 540 206 612 dius,
221 543 373 605 “Quuem
388 545 541 615 existimas,
556 546 605 621 qui
619 545 649 601 in
664 543 803 602 adulterio
814 542 915 619 depra-

131 637 307 697 hendituri”
356 638 555 698 “Tardum''
583 650 615 697 ut
640 658 705 717 ego,
733 640 782 716 qui
808 636 838 697 iu
864 639 913 697 de·

12 728 13 743 ³
128 734 217 805 lectu,
244 734 372 808 Metello,
393 755 459 797 cum
486 736 701 794 excusationem
726 736 913 795 oculoruma

129 848 176 887 me
195 849 253 888 non
274 833 427 908 acciperet,
447 843 476 890 et
496 833 623 905 dixisset,
638 832 715 891 “Tu
735 831 823 910 igitur
840 831 944 891 nihils

129 926 249 986 videsv’
292 928 384 1006 “Ego
404 930 500 1001 vero,”
515 930 641 1005 iuquam,
656 936 674 963 “
685 948 702 987 a
712 929 795 1005 portia
809 928 911 1004 Esqui-

128 1022 187 1079 lina
208 1024 292 1081 video
313 1025 408 1082 villam
428 1028 548 1083 tuam:”
577 1035 609 1082 ut
630 1026 698 1084 illud
720 1024 846 1097 Nasicas,
859 1026 909 1100 qui

127 1136 192 1175 cum
212 1119 246 1176 ad
264 1124 379 1196 positam
399 1120 523 1179 Ennium
539 1121 671 1193 venisset,
685 1121 770 1197 eique
784 1122 821 1179 ab
833 1123 909 1179 ostio

127 1215 264 1288 querenti
290 1214 427 1285 Ennium,
455 1216 559 1274 ancilla
591 1217 718 1288 dixisset,
744 1217 824 1275 domi
850 1236 909 1275 uon

126 1328 205 1379 essc;
226 1309 335 1369 Nasica
355 1312 452 1384 sensit,
467 1312 545 1370 iilam
564 1311 674 1370 domini
691 1314 773 1389 jussu
793 1313 909 1384 dixisse,
926 1325 958 1375 lo

127 1420 156 1462 et
169 1405 249 1463 illum
268 1406 344 1464 intus
364 1427 443 1465 esse:
463 1408 564 1484 paucis
582 1418 647 1482 post
667 1407 778 1479 diebus,
792 1426 859 1468 cum
873 1408 909 1465 sd

126 1500 265 1558 Nasicam
284 1503 407 1559 venisset
427 1502 550 1573 Ennius,
563 1512 593 1560 et
606 1521 672 1559 eum
693 1522 710 1561 a
726 1502 815 1579 janui
834 1522 909 1578 quse·

126 1607 212 1668 reret,
227 1598 367 1655 exclamat
386 1598 505 1670 Nasica,
519 1616 551 1656 sa
570 1599 649 1657 domi
668 1618 727 1656 non
747 1617 826 1656 csse:
846 1609 907 1658 tum

126 1692 249 1766 Ennius,
278 1693 405 1755 “Quidi
438 1713 493 1772 ego
522 1713 580 1752 non
607 1714 752 1773 cognosco
778 1698 905 1770 uccem,”

126 1790 228 1866 inquit,
243 1797 262 1824 “
272 1800 348 1848 tuam
357 1793 391 1850 t·’
433 1791 492 1850 Hic
502 1791 621 1865 Nasica,
633 1799 652 1827 “
662 1793 760 1851 Homo
772 1812 805 1852 es
817 1794 907 1871 impu-
923 1808 954 1858 ιε

126 1887 213 1945 dens:
233 1905 287 1964 ego
300 1907 365 1946 cum
380 1898 408 1946 te
428 1907 593 1964 quaterem,
608 1889 718 1947 ancillae
739 1900 794 1948 tuoe
816 1891 908 1948 credi·

125 1983 164 2055 di,
185 1993 214 2040 te
233 1983 311 2042 domi
326 2003 384 2042 non
399 2003 477 2043 esse:
499 1996 531 2042 tu
544 1985 615 2042 mihi
628 2004 686 2043 non
700 1986 795 2044 credis
807 1987 862 2062 ipsi
871 1988 878 2045 !
887 1989 905 2022 ''-

163 2079 216 2136 Est
237 2080 341 2138 bellum
362 2081 433 2138 illud
452 2100 575 2156 quoque,
588 2101 627 2139 ex
641 2102 697 2156 quo
710 2082 745 2153 is,
759 2083 808 2157 qui
823 2084 905 2153 dixit,

125 2175 257 2232 irridetur
277 2176 307 2232 in
327 2195 363 2234 eo
383 2177 444 2251 ipso
464 2195 579 2253 genere,
598 2195 656 2252 quo
675 2177 763 2234 dixit:
784 2188 825 2248 ut,
839 2196 906 2239 cum

124 2271 164 2332 Q.
177 2270 310 2347 Opimius
330 2272 497 2341 consularis,
514 2271 564 2347 qui
585 2272 813 2330 adolescentulus
832 2274 906 2332 male
920 2286 952 2337 a)

126 2367 259 2440 audisset,
287 2368 387 2425 festivo
416 2368 524 2424 homini
558 2367 662 2444 Egilio,
688 2369 737 2443 qui
763 2370 905 2429 videretur

123 2465 244 2536 mollior,
268 2483 323 2522 nec
349 2475 433 2536 essct,
458 2463 583 2535 dixisset,
608 2465 718 2527 “Quid
743 2476 784 2539 tu,
809 2467 905 2544 Egilia

114 2562 206 2619 'meai
236 2562 350 2635 quando
378 2560 413 2618 ad
439 2579 485 2618 ma
510 2562 589 2619 venis
615 2581 683 2620 cum
708 2563 759 2622 tui
784 2564 852 2621 colu
875 2574 904 2622 et

107 2655 231 2714 ·landi''
273 2663 292 2690 “
301 2656 380 2727 Non,
398 2657 474 2733 pol,”
489 2656 591 2732 inquit,
613 2658 750 2715 “audco:
770 2677 838 2716 nam
857 2678 903 2716 me

123 2752 157 2810 ad
171 2749 293 2811 famosas
306 2753 395 2811 vetuit
409 2763 498 2811 mater
513 2754 679 2811 accedere.”
918 2769 950 2818 25

159 2945 269 3004 LXIX.
301 2945 383 3004 Salsa
401 2955 468 3004 sunt
487 2946 585 3018 stiam,
605 2965 669 3021 que
689 2947 795 3006 habant
813 2950 903 3025 suspi-

121 3041 234 3100 cionem
254 3041 368 3100 ridiculi
383 3042 589 3114 absconditam,
610 3061 668 3118 quo
687 3043 718 3100 in
736 3062 841 3121 genem
858 3054 903 3100 ast
