2167 3525
115 236 205 355 nan]
301 261 303 265 ¹
394 293 436 343 nn
458 295 620 345 carrona.
884 288 940 346 1⁰3

114 444 169 516 nia,
189 462 247 503 noa
266 444 429 520 perturbato
449 445 558 505 ordine.
606 445 690 508 Quid
707 444 895 507 mutatam

116 540 208 603 facilis
234 551 277 598 cst
303 552 360 606 tota
385 562 439 614 res,
467 552 498 601 ut
529 543 600 600 milri
632 543 786 620 permirum
819 561 894 619 saepe

115 639 253 711 videatur,
269 638 333 696 c'unr
354 639 497 697 difficilius
518 640 702 716 intelligatur,
717 640 785 715 quid
801 650 896 717 patro·

115 752 172 793 nus
185 735 250 791 velit
263 735 368 806 dicere,
382 754 466 811 quarn
487 736 510 793 si
531 736 592 811 ipse
610 736 667 807 ille,
682 737 730 811 qui
742 747 894 811 patronum

118 828 241 907 adlpibet,
263 830 298 886 dc
317 848 352 887 re
373 830 425 888 sua
447 831 564 889 diceret.
603 831 655 888 Isti
676 832 764 903 enim,
786 832 835 906 qui
859 831 924 890 ads

116 945 170 983 nos
196 945 295 983 causas
322 926 462 997 deferunt,
490 926 530 985 ita
556 946 609 985 nos
641 928 807 1004 plerumque
840 928 895 1005 ipsi

116 1022 228 1094 docent,
243 1032 274 1079 ut
291 1042 350 1081 non
370 1023 513 1080 desideres
532 1024 644 1099 planius
663 1024 729 1083 dici.
770 1025 895 1083 Easdem

115 1138 160 1178 res
181 1132 274 1178 autern
298 1120 381 1176 simul
403 1138 436 1177 ac
457 1120 571 1191 Fusius,
593 1130 640 1183 aut
661 1130 753 1177 vester
779 1122 895 1198 aqualis

115 1214 300 1289 Pomponius,
315 1232 399 1291 agere
420 1215 514 1291 coepit,
529 1234 587 1271 non
602 1235 690 1292 aeque,
704 1216 773 1293 quid
787 1218 895 1289 dicant,1

115 1310 177 1371 nisi,
192 1310 344 1368 admodum
365 1312 481 1383 attendi,
496 1312 640 1389 intelligo:
662 1311 702 1382 ita
721 1313 841 1371 confusa
852 1323 896 1371 est
910 1320 941 1369 1⁰

115 1407 217 1477 oratio,
231 1406 271 1464 ita
290 1407 462 1481 perturbata,
479 1408 550 1465 nihil
570 1418 603 1465 ut
622 1409 659 1466 sit
677 1408 809 1483 primum,
824 1409 894 1467 nihil

116 1512 149 1561 ut
181 1502 353 1571 secundum3
393 1512 527 1577 tantaque
561 1504 714 1561 insolentia
747 1524 781 1561 ac
812 1506 896 1563 turba

116 1598 276 1669 verborum,
292 1608 322 1655 ut
342 1599 442 1669 oratio,
460 1618 521 1673 quaa
541 1599 637 1656 lumen
659 1600 791 1657 adhibere
810 1601 895 1658 rebus

116 1694 211 1768 debet,
226 1712 260 1751 aa
273 1693 473 1752 obscuritatem
494 1706 522 1753 et
542 1697 674 1753 tenebras
690 1697 796 1769 afferat,
812 1707 895 1774 atqm

116 1802 148 1850 ut
164 1793 371 1867 quodammodo
392 1791 445 1868 ipsi
465 1793 518 1849 sibi
539 1793 569 1848 in
589 1793 712 1850 dicendo
732 1794 894 1870 obstrepere
910 1799 941 1848 15

115 1889 271 1946 videantur.
312 1889 428 1960 Verum,
443 1889 466 1945 si
480 1889 732 1964 placet,'quoniam
751 1891 813 1949 haec
826 1891 894 1948 satis

115 2003 207 2059 spero,
223 1983 302 2042 vobis
322 1983 436 2060 quidem
457 1995 534 2042 certe
556 1985 717 2060 majoribus,
736 1987 896 2044 molestact

115 2081 213 2156 putida
238 2081 338 2152 videri,
366 2081 401 2138 ad
433 2080 544 2156 reliqua
575 2081 720 2156 aliquanto
752 2083 896 2139 odiosiora

114 2195 273 2253 pergamus

155 2368 237 2427 XIV.
269 2369 359 2443 Atqui
391 2368 479 2440 vides,
514 2368 606 2444 inquit
641 2368 795 2441 Antonius,
829 2369 941 2428 comm

117 2467 186 2526 alias
205 2484 251 2523 res
272 2485 398 2542 agamus,
419 2483 503 2540 quam
524 2475 553 2523 te
572 2465 652 2523 inviti
673 2466 829 2538 audiamus,
846 2466 894 2541 qui

117 2563 220 2622 adduci
239 2581 399 2638 possumus,
416 2561 464 2639 (de
479 2581 523 2619 mc
537 2562 613 2619 enim
634 2562 772 2642 conjicio)
787 2563 895 2620 relictis

115 2669 148 2717 ut
161 2660 245 2718 rebus
265 2659 397 2716 omnibns
416 2669 445 2716 te
463 2668 614 2731 sectemur,
628 2668 657 2715 te
670 2659 834 2716 audiamus:
855 2658 896 2716 ita

116 2756 153 2813 de
173 2757 294 2814 horridis
320 2757 405 2813 rebus
431 2755 530 2827 nitida,
555 2756 592 2812 de
615 2753 719 2831 jejunis
744 2755 838 2832 plena,
859 2754 895 2811 de

114 2853 287 2930 pervulgatis
300 2871 374 2910 nova
387 2853 515 2927 quaedam
529 2861 572 2908 est
586 2852 677 2908 oratio
689 2861 746 2909 tua
804 2883 808 2893 .
909 2855 941 2905 25

126 2985 128 2988 -
155 2949 268 3006 Faciles
288 2949 375 3019 enim,
396 2948 495 3023 inquit,
516 2947 637 3017 Antoni,
656 2957 751 3022 partes
773 2965 815 3005 cae
836 2946 896 3004 {ue

115 3054 183 3104 runt
209 3045 282 3116 duae,
309 3063 378 3119 quas
393 3031 489 3101 'modo
522 3044 698 3120 percucurri,
726 3042 768 3100 vel
800 3034 896 3120 potius
