2167 3525
135 254 217 317 nn]
416 256 460 305 ns
481 256 644 304 oasroar„
921 248 961 311 m

134 416 258 483 gestum,
272 415 418 483 spectante
437 405 567 465 Roscio:
586 405 650 482 quis
670 404 746 465 euim
762 423 827 465 sese
838 422 917 464 som-

135 520 250 561 movere
268 512 368 579 potest,
383 502 465 579 eujus
485 502 533 561 ille
553 502 622 561 vitia
640 520 698 561 non
712 502 825 561 videatl
864 501 917 563 Sit

135 616 192 676 ego
211 618 297 674 nuno,
318 600 423 659 Crasso
452 600 595 672 audiente,
614 600 737 676 primurn
758 599 859 675 loquar
878 599 916 661 ds

138 695 256 767 saoetiis,
283 706 312 755 et
342 696 454 755 douebo
487 715 548 769 sus,
573 694 618 773 (ut
651 696 744 775 aiunt)
773 707 915 757 oratorem

137 808 211 864 eum,
222 810 306 867 quem
320 811 386 851 eum
400 792 621 868 Catulusnuper
633 790 768 864 audisset,
779 798 798 825 “
808 791 914 852 soeuum
928 800 945 851 ὅ

137 888 228 947 alios’'
244 889 339 947 aiebat
349 896 440 947 “esse
450 890 608 965 oportere.''
636 887 715 945 Turn
725 888 784 960 ille,
795 888 916 951 Jouaba·

135 994 190 1057 tur,
202 985 303 1060 iuquit,
315 986 446 1057 Catulus,
456 986 612 1061 praesertIm
622 1004 689 1044 oum
703 985 744 1043 ita
754 985 832 1043 dioat
842 985 914 1062 ipse,

135 1092 167 1141 ut
187 1081 329 1139 ambrosii
352 1082 471 1140 alendus
497 1100 560 1139 esse
586 1081 731 1139 rideatur:
757 1075 914 1155 serum'te,

133 1177 242 1251 Cesar,
264 1178 422 1250 audiamus,
443 1188 474 1237 ut
495 1178 530 1236 ad
551 1177 673 1237 Antonii
693 1177 803 1253 reliqua
815 1178 916 1237 redea-

135 1290 206 1333 mus.
260 1274 299 1333 Et
331 1275 485 1348 Antonius,
519 1274 667 1352 Perpauua
699 1274 814 1349 quidem
845 1273 921 1333 milri
929 1280 961 1333 1⁰

134 1379 251 1439 restant,
273 1370 379 1445 inquit:
400 1371 450 1429 sed
470 1381 576 1444 tamen,
596 1370 724 1428 defessus
740 1371 800 1447 jam
818 1369 916 1427 labore

135 1476 222 1541 atque
249 1465 349 1523 itinere
376 1466 586 1541 disputationis,
605 1465 783 1539 requiescam
802 1464 833 1523 iu
853 1464 916 1523 Cea-

135 1562 208 1619 saris
234 1578 375 1633 sermone,
402 1560 484 1637 quasi
516 1560 547 1619 in
580 1560 674 1636 aliquo
705 1570 916 1638 peropportuno

131 1656 305 1716 deversorio.

173 1851 280 1910 LVIII.
311 1851 410 1928 Atqui,
429 1850 522 1928 iuquit
542 1851 647 1924 Julius,
666 1869 727 1910 nun
745 1851 831 1910 nimis
844 1851 913 1912 libe·
928 1855 960 1905 15

126 1947 194 2005 <tale
217 1946 371 2024 hospitium
397 1967 492 2006 meum
519 1948 615 2007 diues:
642 1966 709 2007 nam
728 1957 758 2006 te
777 1948 807 2006 iu
827 1949 913 2021 siam,

125 2044 217 2104 'simul
250 2062 284 2102 ao
314 2044 511 2122 perpaululum
543 2044 678 2123 gustdris,
704 2045 851 2115 extrudam
883 2043 931 2103 at'

134 2140 255 2218 ejioiam.

173 2236 228 2308 Ao,
255 2255 293 2295 ne
318 2237 426 2294 diutius
450 2254 501 2294 vos
527 2236 668 2306 demorer,
692 2235 728 2294 de
753 2235 831 2293 omni
858 2235 913 2294 isto

134 2351 238 2410 genere
258 2333 326 2409 quid
346 2332 476 2404 sentium,
490 2332 663 2408 perbreviter
679 2351 828 2410 exponam.
867 2332 913 2392 De
928 2341 960 2392 ω

134 2429 193 2488 risu
213 2430 337 2506 quinque
357 2438 432 2500 sunt,
453 2447 515 2504 qum
535 2439 711 2504 querentem
732 2448 831 2502 uuum,
844 2429 913 2506 quid

134 2526 187 2584 sit:
209 2525 338 2599 alterum,
359 2524 436 2584 unde
456 2525 509 2583 sit:
536 2526 662 2598 tertium,
682 2525 756 2584 sitne
781 2526 912 2598 oratoris,

134 2622 206 2680 velle
225 2623 314 2680 risum
333 2640 463 2680 movere:
491 2633 631 2698 quartum,
656 2622 812 2697 qudteuus:
832 2621 913 2697 quiu-

133 2728 204 2792 tutu,
232 2738 294 2794 quar
321 2719 378 2777 siut
403 2737 510 2796 genera
539 2718 661 2778 ridiculi
714 2718 810 2795 Atque
842 2718 913 2784 ittud

133 2816 266 2894 primurn,
280 2814 349 2890 quid
368 2814 405 2873 sit
420 2815 484 2890 ipse
504 2814 588 2884 risus,
607 2832 665 2890 quo
682 2824 768 2891 paeto
787 2813 913 2885 oouoite·
927 2823 960 2874 25

134 2921 190 2984 tur,
204 2911 254 2970 ubi
274 2911 321 2983 sit,
335 2910 477 2986 quomodo
497 2910 623 2983 exsistat,
634 2920 722 2986 atque
741 2910 912 2986 inrepente

135 3017 272 3086 erumpat,
285 3017 318 3068 ut
330 3025 396 3066 euru
410 3007 559 3086 cupientes
572 3017 669 3068 tenere
685 3025 870 3084 nequeamus,
882 3015 912 3080 et
