2167 3525
12 3103 15 3202 Ι
40 3189 45 3203 .

131 259 158 307 1.
169 258 212 318 11.1
414 259 458 307 DE
479 260 642 312 omem
921 252 958 309 01

130 408 219 479 idem,
247 424 313 465 eum
347 408 494 477 brachium
528 409 773 480 eoneale'feeerit,
788 419 851 469 tum
882 428 914 469 ae

131 503 225 561 solere
245 522 387 581 pugnare:
407 524 501 581 neque
522 506 653 576 attendit,
667 525 715 565 eoe
734 506 821 582 ipone,
833 506 915 587 'unde

132 599 189 657 hoe
209 600 300 658 simile
320 600 416 673 dueat,
431 602 493 659 illas
506 602 613 677 primae
632 602 728 660 hastae
747 602 788 660 ita
804 602 913 679 jactare

132 696 244 769 leniter,
265 707 296 754 ut
314 707 344 754 et
364 698 504 755 venustati
524 699 568 756 vel
589 698 712 757 maxime
731 698 864 771 serviant,
884 708 914 757 et

132 792 249 868 reliquis
279 792 387 851 viribus
420 795 480 851 suis
512 795 672 853 consulant.
732 794 837 871 Neque
870 804 943 854 este

131 889 259 961 dubium,
287 890 356 967 quin
389 891 536 950 exordium
563 891 679 951 dicendi
706 892 859 973 vehemens
884 902 914 951 et

130 1004 245 1063 pugnax
264 988 322 1044 nori
343 1006 418 1063 sepe
438 1006 500 1045 esee
527 987 646 1047 debeat:
673 988 734 1061 red,
754 988 779 1047 ei
799 988 830 1047 in
850 988 912 1065 ipae

130 1082 180 1139 illo
200 1082 369 1159 gladiatorio
382 1083 447 1141 vitm
467 1084 633 1156 certamine,
646 1102 703 1161 quo
721 1084 901 1147 serredeeer

129 1178 217 1250 nitur,
232 1189 327 1237 tamen
348 1191 414 1239 ante
432 1196 619 1258 congremum
639 1182 729 1239 multa
748 1182 830 1253 fiunt,
849 1200 911 1257 que

130 1292 187 1333 non
203 1275 239 1332 ad
252 1275 363 1349 vulnus,
378 1277 428 1333 eed
442 1278 477 1336 ad
492 1278 628 1353 speeiem,
640 1278 733 1337 valere
747 1278 895 1337 videantur
903 1298 912 1349 ς
926 1287 958 1335 lo

130 1379 238 1443 quanto
252 1370 308 1427 hoe
324 1372 415 1448 megia
435 1372 465 1429 in
485 1374 615 1431 oratione
634 1373 868 1449 exspectandum,
882 1372 912 1429 in
947 1400 952 1409 ·

130 1465 266 1539 quanam
287 1466 328 1523 vie
349 1468 453 1543 potius,
473 1468 524 1525 aed
551 1468 715 1539 deleetatio,
734 1468 912 1544 postulaturi
997 1532 1004 1543 ,

131 1558 214 1617 Nihil
240 1569 283 1617 est
309 1562 431 1638 denique
458 1563 488 1621 in
515 1563 619 1621 naturd
646 1582 740 1622 rerum
773 1564 911 1638 omnium,

131 1655 208 1729 quod
235 1674 266 1714 ee
292 1657 455 1717 universum
480 1660 644 1735 profundat,
664 1670 693 1719 et
718 1661 793 1737 qued
819 1671 910 1720 totum

129 1763 246 1829 repente
269 1754 377 1813 evolet:
405 1754 448 1814 sie
474 1757 581 1828 omnia,
602 1777 663 1833 que
689 1758 911 1835 fiunt„queque
925 1760 956 1812 15

130 1861 252 1926 aguntur
279 1851 426 1924 acerrime,
453 1853 610 1914 lenioribus
635 1855 785 1932 principiis
809 1866 911 1916 natura

130 1947 357 2022 ipeapraetexuit.
423 2008 425 2017 ,

169 2041 241 2100 Haee
262 2054 356 2103 autem
377 2045 552 2106 indicendo
578 2068 636 2106 non
662 2050 840 2110 extrinsecae
860 2050 910 2108 ali·

130 2140 405 2218 eunde'quaerenda,
426 2144 476 2200 sed
496 2163 532 2200 ex
552 2145 620 2219 ipeie
640 2145 797 2202 visceribus
817 2164 910 2204 eauaoe

128 2236 269 2294 sumenda
291 2247 364 2295 eunt.
405 2237 529 2310 Ideireo,
554 2240 615 2296 toti
639 2240 726 2298 eaued
751 2241 910 2315 pertentati
923 2247 955 2296 w

131 2341 214 2408 atque
239 2333 400 2410 perspecte,
424 2334 495 2392 loeis
520 2335 653 2401 omnibus
679 2336 800 2400 inventis
826 2347 911 2412 atque

131 2428 285 2501 instrueris,
302 2429 542 2490 considerandum
563 2442 615 2502 eet,
636 2451 693 2507 quo
712 2433 854 2509 principio
873 2434 911 2492 sit

131 2524 284 2582 utendum:
311 2525 355 2582 sie
378 2535 407 2582 et
429 2525 512 2584 faeiie
538 2527 701 2607 reperietur.
755 2529 910 2589 Sumentur

130 2619 207 2676 enim
227 2620 317 2680 exiis
337 2622 432 2692 rebus,
452 2641 515 2697 qum
537 2634 620 2681 erunt
647 2625 795 2682 uberrime
816 2625 859 2682 vel
880 2625 908 2682 in

131 2717 314 2794 argumentis,
342 2717 385 2774 vel
412 2718 442 2777 in
470 2719 504 2776 iis
529 2719 666 2794 partibus,
693 2721 729 2778 ad
755 2739 825 2794 quas
850 2719 908 2778 dixi
921 2728 953 2775 25

131 2813 241 2890 digredi
261 2833 335 2890 saepe
355 2825 494 2891 oportere.
534 2816 580 2873 Ita
598 2827 627 2874 et
647 2818 783 2875 momenti
803 2818 909 2893 aliquid

132 2909 259 2981 afferent,
281 2929 346 2968 eum
366 2922 449 2970 erunt
467 2931 549 2988 pene
568 2932 604 2970 ex
622 2912 723 2970 intimi
743 2913 910 2974 defensione

131 3005 307 3081 deprompta,
321 3017 350 3064 et
371 3009 525 3084 apparebit,
539 3027 574 3066 ea
586 3026 645 3067 nen
665 3008 752 3066 medo
770 3027 828 3068 nea
847 3026 909 3066 ease

211 3118 274 3158 voa.
289 3121 321 3160 rr.
437 3104 458 3161 6
