2167 3525
129 240 186 303 tw
445 251 488 297 nn
509 251 672 299 onanonn
861 250 955 311 [nna

173 398 291 459 modum
323 399 432 457 absona
462 409 546 476 atque
582 399 712 459 absurde
772 398 825 457 Est
859 409 956 459 autem

173 496 282 567 vitium,
295 496 372 573 quod
389 496 520 553 nonnulli
533 495 570 553 de
583 495 724 559 industrii
742 505 954 555 consectantur.

172 590 298 649 Rustica
316 610 372 649 vox
389 601 420 649 et
440 592 560 669 agrestis
585 591 722 668 quosdam
746 590 956 670 delectatque

173 686 264 765 magis
291 688 497 763 antiquitatem,
518 687 544 745 si
563 688 605 746 ita
622 697 714 759 sonet
734 706 834 747 eoram
860 707 957 747 sermo

140 783 296 847 exstineto
322 782 466 842 videatur:
492 794 525 841 ut
550 794 627 856 tuus,
646 784 760 856 Onus,
782 784 899 857 sodalis,
919 785 954 843 L.

171 879 268 950 Cotta,
289 880 414 958 gaudere
440 880 511 939 mihi
537 880 648 939 videtur
673 881 811 959 gravitate
836 882 954 959 linguae,

171 994 299 1051 sonoque
319 976 399 1035 vonis
427 977 541 1054 agresti,
568 987 598 1035 et
616 978 697 1049 illud,
717 978 793 1053 quod
818 977 954 1053 loquitur,

170 1072 296 1150 priscum
311 1074 402 1131 visum
423 1074 457 1131 iri
475 1083 566 1149 putat,
584 1074 610 1131 ai
629 1074 712 1151 plane
731 1073 816 1132 fuerit
835 1074 956 1134 rustica·

171 1188 249 1229 num.
303 1168 354 1229 Me
381 1180 476 1229 autem
501 1179 568 1228 tuus
592 1189 681 1228 sonus
699 1180 729 1228 et
748 1170 872 1229 suavitas
897 1171 955 1231 ista

125 1271 157 1321 10
172 1265 311 1337 delectat3
332 1266 433 1323 omitto
447 1267 607 1337 verborum,
620 1285 781 1343 quanquam
793 1276 837 1325 est
850 1276 937 1344 eaput
944 1290 952 1338 ;

171 1381 269 1421 rerum
290 1364 320 1421 id
343 1364 424 1421 effert
449 1363 532 1435 ratio,
552 1363 658 1421 doeent
683 1362 782 1436 litere,
802 1364 954 1423 eonfirmat

171 1460 349 1519 eonsuetudo
375 1470 404 1519 et
429 1459 545 1537 legendi
566 1469 596 1518 et
618 1460 767 1535 loquendi;
800 1461 852 1519 sed
877 1461 953 1519 hane

172 1556 237 1617 dieo
251 1557 428 1629 suavitatem,
443 1576 505 1633 qnae
525 1556 584 1613 exit
602 1575 639 1614 ex
656 1574 722 1626 ore3
743 1575 806 1632 qun
825 1556 952 1633 quidem,

171 1663 203 1711 ut
240 1654 314 1731 apud
346 1654 472 1725 Graeeos,
500 1653 674 1724 Atticorum,
705 1653 758 1726 siu,
784 1653 815 1711 in
847 1653 952 1712 Latino

124 1752 156 1804 15
170 1769 311 1823 sermone,
323 1750 406 1827 hujus
419 1760 462 1808 est
475 1750 555 1808 urbis
566 1750 689 1808 maxime
701 1749 823 1826 propria
862 1751 953 1810 Athe·

136 1881 141 1898 2
170 1845 216 1902 nie
239 1846 298 1922 jam
326 1845 376 1903 diu
409 1845 540 1903 doctriua
572 1846 698 1922 ipsorum
730 1847 952 1908 Atheniensium

170 1940 293 2000 interiit:
315 1940 490 2000 dominilinm
510 1951 620 1999 tantum
633 1941 664 2001 in
678 1941 727 2000 ills
738 1943 810 2005 urbe
823 1959 953 2004 remanet

170 2037 339 2110 studiorum,
353 2036 456 2112 quibus
475 2048 579 2096 vacant
598 2038 685 2110 eirea,
698 2040 842 2117 peregrini
855 2040 952 2100 fruun-

169 2144 225 2207 tur,
240 2134 316 2212 eapti
336 2134 547 2210 quodammodo
566 2135 681 2195 nemine
694 2136 774 2194 urbis
786 2146 816 2195 et
829 2137 952 2197 auetori-

122 2242 154 2292 20
170 2241 243 2301 tate;
278 2243 374 2290 tamen
406 2231 613 2290 eruditissimos
645 2232 776 2292 homines
806 2232 951 2292 Asiatieos

169 2327 262 2403 quivis
275 2328 462 2388 Atheniensis
475 2329 618 2399 indoctus,
631 2348 688 2386 non
701 2329 803 2400 verbis,
817 2330 867 2387 sed
881 2349 952 2391 sono

169 2423 259 2494 vocis,
278 2442 334 2482 nee
353 2436 411 2482 tam
435 2425 518 2496 bene,
539 2444 623 2499 quam
649 2424 772 2483 suaviter
796 2426 949 2502 loquendo,

170 2518 254 2576 faeile
274 2519 426 2595 superabit.
480 2519 581 2577 Nostri
600 2521 696 2578 minus
714 2522 829 2581 student
847 2523 949 2596 literis,

169 2633 254 2690 quam
287 2614 399 2672 Latini:
440 2624 535 2672 tamen
570 2634 607 2673 ex
640 2616 712 2687 istis,
744 2636 816 2692 quos
848 2618 949 2692 nistis,

121 2726 153 2776 25
169 2711 294 2783 urbanis,
309 2710 456 2786 inquibus
476 2711 625 2770 minimum
638 2722 682 2770 est
694 2712 849 2787 literarum,
864 2735 951 2774 nemo

168 2796 233 2878 eet,'
255 2808 323 2883 quin
356 2806 580 2864 literatissimum
612 2818 773 2884 togatorum
809 2813 949 2884 omnium,

167 2903 207 2966 Q.
222 2902 368 2961 Valerium
382 2903 534 2975 Soranum,
548 2904 667 2962 lenitate
685 2905 763 2964 vocis
783 2917 868 2983 atque
887 2907 951 2985 ipso

169 2999 226 3060 oris
237 3017 337 3076 pressu
351 3009 379 3056 et
392 3017 463 3060 sono
477 2999 563 3060 senile
576 3000 679 3062 vineat
