2167 3525
138 310 177 373 68
455 322 499 372 nc
520 321 684 373 carrona
882 316 966 383 [nn.

181 472 354 548 posteritatis
368 474 556 531 immortalem
572 473 739 531 memoriam
760 470 890 551 augebit;
912 472 969 530 uti·

182 566 290 626 litatem
304 588 340 626 ex
352 570 437 627 laude
457 570 537 627 nasci
558 569 702 641 desendet,
717 587 884 645 semperque
902 585 967 626 eam

183 682 249 722 cum
263 664 400 742 dignitate
414 685 477 723 esse
491 666 683 741 conjunctam.

222 760 279 819 Sed
300 762 367 837 quid
387 761 449 819 fieri
468 762 568 839 possit,
584 771 632 819 aut
651 779 710 819 non
727 757 827 837 possjt,
842 760 968 836 quidque

153 854 268 915 tetiam
295 854 331 912 sit
357 872 486 927 necesse,
511 865 642 913 autnon
665 854 712 925 sit,
736 854 766 912 in
791 854 912 931 utrique
935 874 968 913 re

182 950 304 1008 maxime
320 962 363 1009 cst
382 951 574 1027 quaerendum.
615 948 755 1010 Inciditur
775 952 852 1009 enim
873 952 968 1011 omnis

180 1048 239 1125 jam
260 1046 437 1121 deliberatio,
457 1048 481 1105 si
503 1046 671 1125 intelligitur
697 1068 756 1106 non
782 1066 866 1124 posse
894 1048 967 1122 fieri,

184 1153 233 1202 aut
253 1143 277 1201 si
296 1145 453 1203 necessitas
474 1146 604 1203 affertur:
626 1144 716 1220 etqui
737 1144 766 1202 id
786 1144 893 1217 docuit,
908 1164 968 1203 nou

184 1240 344 1298 videntibus
359 1242 432 1313 aliis,
446 1242 471 1298 is
484 1242 636 1317 plurimum
651 1241 729 1299 vidit.

139 1354 169 1403 ιο
222 1336 271 1394 Ad
294 1338 446 1395 consilium
474 1348 568 1395 autem
595 1336 631 1395 de
658 1336 805 1413 republica
832 1336 968 1411 dandum,

184 1442 269 1509 caput
296 1444 348 1506 est,
376 1432 460 1492 ndsse
487 1433 708 1509 rempublicam
744 1434 779 1491 ad
812 1433 967 1492 dicendum

185 1546 251 1587 vero
265 1528 457 1605 probabiliter,
471 1528 556 1587 nbssc
570 1547 664 1587 mores
677 1528 816 1599 civitatis3
838 1530 968 1605 quiquie

186 1626 287 1683 crebro
313 1636 468 1699 mutantur,
496 1644 587 1703 genus
620 1644 731 1701 quoque
760 1625 898 1683 orationis
924 1636 968 1685 est

185 1736 259 1798 saepe
279 1722 455 1780 mutandum.
509 1720 557 1795 Et,
578 1741 739 1798 quanquam
767 1742 824 1781 una
846 1723 905 1781 sere
925 1723 968 1782 ris

140 1833 170 1885 15
184 1827 228 1876 est
247 1818 426 1893 eloquentie,
448 1829 554 1890 tamen,
568 1819 636 1893 quia
655 1837 765 1877 summa
786 1820 909 1897 dignitas
925 1832 970 1879 est

184 1911 291 1989 populi,
325 1913 490 1990 gravissima
523 1932 611 1972 causa
643 1913 817 1991 reipublicae,
852 1917 969 1974 maximi

184 2020 276 2067 motus
295 2007 502 2080 multitudinis3
524 2028 615 2086 genus
631 2029 743 2087 qnoque
757 2012 873 2070 dicendi
887 2033 971 2092 gran·

185 2103 248 2162 dius
274 2104 415 2180 quoddam
449 2113 478 2162 et
509 2104 646 2163 illustrius
678 2124 741 2164 esse
775 2107 968 2167 adhibendum

185 2199 310 2257 ridetur:
343 2197 521 2275 maximaque
542 2217 609 2276 pars
631 2201 769 2259 orationis
793 2201 970 2262 admovenda

139 2309 171 2360 no
185 2305 228 2352 est
251 2293 285 2352 ad
311 2296 469 2353 animorum
492 2307 588 2354 motus
610 2313 826 2376 nonnunquam,
852 2309 899 2356 aut
923 2319 969 2358 co·

186 2389 355 2463 hortatione,
377 2403 425 2450 aut
446 2393 718 2451 commemoratione
743 2395 848 2469 aliqud,
870 2397 969 2455 autin

184 2504 273 2562 spem,
289 2498 336 2545 aut
356 2487 386 2544 in
406 2497 523 2559 metum,
539 2499 588 2546 aut
607 2489 643 2546 ad
659 2490 854 2565 cupiditatem,
870 2491 968 2550 autad

184 2581 313 2662 gloriam,
335 2583 533 2656 concitandos,
555 2603 629 2661 saepe
655 2586 740 2643 etiam
762 2606 779 2644 a
797 2587 968 2662 temeritate,

185 2677 343 2749 iracundid‚
358 2696 417 2756 spe,
431 2677 546 2757 injurid,
561 2679 679 2754 invidit,
696 2683 875 2756 crudelitate,
889 2703 970 2743 revo-

138 2795 170 2846 ᾖ
184 2777 299 2836 candor.

222 2964 396 3028 LXXXIII.
427 2969 475 3028 Fit
490 2981 595 3045 autem,
608 2982 650 3044 ut,
665 2970 732 3048 quia
749 2971 872 3031 maxima
885 2975 967 3048 quasi

185 3067 289 3128 oratori
309 3085 396 3127 scena
415 3067 542 3128 videatur
563 3069 723 3144 concionis,
737 3069 840 3128 natura
856 3070 918 3149 ipsi
931 3069 967 3130 ad
