2167 3525
122 264 179 325 m
437 271 479 319 nn
503 270 665 317 orandun.
849 264 943 326 [nna

163 421 313 500 perpoliri:
346 408 451 497 patitur
481 418 558 477 enim
591 428 620 484 et
651 416 751 495 lingua
781 424 886 488 nostra,
912 425 945 473 et

164 528 268 577 natura.
277 536 383 588 rerum,
397 526 519 575 veterem
534 515 612 573 illurn
624 512 866 588 excellentemque
878 530 945 587 pru·

164 614 289 693 dentiam
308 614 475 673 Graecorum
489 613 524 670 ad
538 620 665 675 nostrum
683 628 766 668 uuum
779 626 944 683 moremque

164 710 325 771 transferri:
346 709 396 767 sed
416 707 580 765 hominibus
598 724 670 780 opus
689 714 733 762 est
751 703 879 775 eruditis,
892 703 942 779 qui

133 806 267 877 5adhue‚
288 806 319 863 in
338 806 393 863 hoe
413 803 527 878 quidem
550 820 665 879 genere,
685 800 775 860 nostri
794 799 865 858 nulli
884 799 944 857 sne-

163 911 244 960 runt:
266 902 310 959 sin
324 900 436 976 quando
456 898 624 970 exstiterint,
638 898 723 955 etiam
736 896 846 966 Graeeis
859 906 943 954 eruut

164 997 362 1074 anteponendi.

203 1191 300 1251 XXV.
331 1190 456 1249 Ornatur
477 1190 563 1267 igitur
582 1190 673 1247 oratio
691 1206 796 1265 genere
809 1187 942 1263 primurn,

164 1298 193 1345 et
212 1288 292 1364 quasi
313 1288 408 1345 colore
428 1288 551 1361 quodam
571 1295 600 1343 et
619 1293 707 1343 sueno
726 1302 795 1341 suo:
816 1303 891 1355 narn,
910 1294 943 1342 ut

119 1396 150 1446 10
164 1384 267 1461 gravis,
287 1394 325 1445 ιιιΙ
338 1384 441 1454 suavis,
463 1393 494 1439 ut
513 1382 625 1441 erudita
643 1382 688 1453 sit,
710 1391 741 1437 ut
760 1380 895 1452 liberalis,
911 1390 944 1437 ut

166 1480 347 1552 admirabilis,
380 1490 412 1537 ut
443 1479 540 1555 polita,
568 1488 599 1535 ut
632 1496 740 1547 sensus,
767 1487 799 1533 ut
830 1476 943 1548 dolores

165 1576 276 1649 habeat,
298 1588 433 1651 quantum
461 1595 532 1651 opus
558 1575 603 1645 sit,
624 1584 746 1631 nonest
766 1573 942 1649 singulorum

166 1673 365 1735 articulorum:
394 1673 422 1729 in
449 1682 510 1729 ιοιο
536 1680 699 1746 spectentur
725 1670 787 1726 haee
813 1688 942 1745 corpore.

164 1769 202 1826 Ut
215 1787 300 1844 porro
314 1787 466 1844 conspersa
480 1767 516 1824 sit
530 1767 610 1841 quasi
624 1767 771 1824 verborum
791 1767 944 1835 sententia·
1012 1843 1015 1847 1

120 1879 150 1928 15
164 1881 282 1938 rumque
297 1863 412 1921 floribus
420 1884 427 1932 ;
450 1863 478 1919 id
493 1881 551 1918 uon
571 1863 655 1919 debet
669 1882 731 1920 esse
746 1863 838 1921 fusum
851 1883 943 1938 arqua-

164 1958 256 2016 biliter
269 1977 320 2034 per
337 1977 449 2018 omnem
470 1959 635 2028 orationem,
650 1958 700 2014 sed
714 1959 754 2017 ita
766 1959 941 2031 distinctum,

164 2065 196 2118 ut
215 2055 280 2127 sint,
301 2054 380 2130 quasi
401 2054 430 2111 in
451 2064 562 2125 ornatu,
582 2054 719 2130 disposita
745 2055 872 2130 quaedam
899 2055 942 2112 iu-

164 2152 257 2230 signia
269 2162 298 2210 et
311 2152 426 2211 lumina.

202 2250 301 2308 Genus
327 2249 412 2326 igitur
443 2249 557 2308 dieendi
590 2260 633 2307 est
665 2249 839 2326 eligendum,
864 2244 941 2326 quod

105 2359 150 2409 ‘no
164 2345 284 2402 maxime
311 2356 406 2404 teneat
431 2365 481 2404 eos
506 2347 554 2422 qui
581 2347 705 2417 audiant,
728 2356 756 2402 et
778 2345 853 2420 quod
880 2365 938 2404 non

163 2441 255 2500 solum
269 2441 401 2512 delectet,
415 2442 465 2498 sed
479 2443 564 2500 etiam
577 2442 639 2498 sine
652 2443 780 2500 satietate
800 2442 938 2500 delectet:

164 2535 326 2613 (nonenim
342 2555 357 2594 a
371 2555 416 2592 me
427 2537 485 2611 jam
499 2538 656 2612 exspectari
666 2548 745 2613 puto,
757 2551 788 2594 ut
798 2557 939 2610 moneam,

163 2643 195 2690 ut
209 2632 340 2704 caveatis,
354 2651 391 2688 ne
404 2631 494 2702 exilis,
508 2651 545 2690 ne
559 2633 668 2691 inculta
679 2634 716 2691 sit
729 2646 822 2692 vestra
836 2635 938 2706 oratio,

163 2747 200 2788 ne
220 2729 351 2806 vulgaris,
372 2747 408 2786 ne
429 2728 571 2786 obsoleta:
599 2730 675 2787 aliud
694 2730 828 2805 quiddam
848 2731 939 2807 majus

117 2840 149 2889 25
163 2835 191 2884 et
225 2825 339 2902 ingenia
372 2843 416 2882 me
450 2825 596 2882 hortantur
629 2836 730 2896 restra,
756 2837 786 2884 et
817 2830 938 2906 etates.)

163 2921 286 2982 Difficile
306 2922 382 2980 enirn
403 2921 481 2980 dictu
501 2931 553 2992 est,
568 2941 696 2995 quaenam
716 2942 803 3002 eausa
820 2925 865 2995 sit,
886 2942 938 2980 eur

163 3036 206 3090 ea,
221 3035 282 3090 quae
296 3018 416 3076 maxime
434 3035 533 3076 sensus
552 3028 663 3076 nostres
683 3019 829 3096 impellunt
842 3020 940 3096 volup-
