2167 3525
155 296 211 357 ns
467 312 510 358 nn
530 309 692 359 orsinae
879 308 973 369 [nnn

195 474 246 516 nes
265 476 310 517 res
329 470 372 517 est
390 460 449 519 ulla
468 460 620 532 difficilior,
639 478 733 535 neque
758 459 857 535 major,
877 475 973 533 neque

126 556 138 582 '
195 574 257 631 que
269 555 350 632 plura
364 557 524 633 adjumenta
537 556 674 615 doctrinm
687 555 836 613 desideret.

234 652 379 725 Attamen,
394 654 526 729 quoniam
548 654 584 711 de
603 664 715 711 oratore
732 651 816 710 nobis
828 652 974 728 disputan·

194 748 263 806 dum
282 760 334 821 est,
351 750 386 807 de
406 768 516 807 summo
536 760 647 808 oratore
666 749 759 806 dicam
779 766 897 805 neeesse
917 757 970 806 est.

166 845 247 903 svis
259 846 335 903 enirn
349 856 377 903 et
390 856 490 905 natura
503 846 555 916 rei,
568 846 625 903 nisi
643 845 770 922 perlecta
788 855 853 902 ante
871 844 972 902 oculos

194 941 315 1017 ponitur,
330 941 420 1017 qualis
433 952 461 999 et
475 953 580 1017 quanta
599 942 645 1013 sit,
660 941 779 1018 intelligi
797 959 855 998 non
867 950 970 1015 potest.

195 1034 245 1093 Me
265 1047 368 1109 autern,
389 1036 501 1109 Catule,
523 1038 622 1109 fateor,
640 1056 733 1112 neque
752 1036 837 1093 hodie
858 1036 887 1092 in
907 1035 971 1094 istis

194 1132 282 1203 libris,
303 1142 332 1191 at
352 1152 416 1190 curn
437 1134 499 1191 istis
518 1134 681 1191 hominibus
700 1132 807 1200 rivere3
827 1150 883 1189 nec
903 1149 971 1189 vero

196 1228 240 1305 (id
253 1229 328 1304 quod
348 1239 378 1287 tu
399 1240 476 1287 recte
497 1229 729 1307 commeministi)
743 1228 831 1285 ullnnr
845 1244 971 1303 unquam

151 1324 328 1383 inhibuisse
352 1326 504 1401 sepositum
531 1336 642 1401 ternpus
669 1325 703 1381 sd
730 1324 907 1394 discendum,
934 1342 971 1381 ae

196 1427 305 1478 tantum
331 1421 462 1478 tribuisse
493 1420 631 1478 doctrinm
664 1418 805 1495 temporis,
832 1428 970 1494 quantum

195 1517 265 1575 mihi
284 1518 400 1594 puerilis
420 1530 495 1591 aetas,
516 1517 643 1575 forenses
661 1516 747 1589 serie,
768 1516 968 1574 concesserint

233 1710 348 1770 XXIII.
380 1711 429 1784 Ar,
456 1711 480 1770 si
505 1712 617 1788 queris,
644 1710 756 1782 Catule,
778 1709 814 1768 de
840 1708 970 1769 doctrina

195 1807 249 1864 ists
275 1806 342 1882 quid
368 1825 423 1884 ego
449 1808 578 1879 sentiam,
600 1826 657 1865 non
684 1819 794 1865 tantum
820 1807 970 1884 ingenioso

151 1906 182 1954 15
195 1902 311 1974 homini,
324 1913 353 1960 et
367 1903 403 1974 ei,
418 1904 466 1978 qui
481 1903 582 1974 forum,
596 1904 644 1979 qui
664 1905 781 1977 curIam,
796 1904 844 1978 qui
857 1922 969 1974 cauam,

195 1999 243 2073 qui
256 1999 457 2074 rempublicam
473 2008 589 2075 spectet,
603 2017 674 2074 opus
693 2018 756 2056 esse
769 2000 887 2058 arbitror
900 2010 971 2058 tem·

195 2095 282 2171 poris,
296 2105 431 2170 quantum
450 2094 503 2151 sibi
524 2093 544 2150 ii
560 2105 728 2165 sumserunt,
742 2114 814 2170 quos
826 2096 970 2153 discentes

192 2191 254 2249 'rita
272 2191 385 2250 defecit.
438 2190 548 2248 Omnes
573 2191 649 2248 enirn
677 2201 750 2249 artes
777 2192 856 2249 uliter
878 2191 970 2250 abiis

195 2299 360 2362 tractantur,
382 2287 430 2363 qui
450 2307 499 2345 eas
519 2287 555 2344 ad
576 2305 655 2344 usum
676 2287 862 2357 transferunt;
887 2287 969 2344 aliter

150 2385 182 2436 w
196 2383 232 2440 ab
255 2383 299 2454 iis,
323 2383 381 2458 qui,
406 2383 528 2459 ipsarum
557 2383 657 2439 artium
681 2393 802 2440 tractatu
825 2383 968 2456 delectati,

195 2477 264 2535 nihil
289 2478 317 2534 in
342 2478 399 2534 virs
422 2487 487 2534 sunt
511 2477 588 2534 aliud
611 2479 709 2535 acturi.
760 2477 897 2555 Magister
920 2477 971 2536 hio

196 2573 365 2631 flamnitium
398 2581 427 2630 et
459 2574 570 2630 summi
599 2574 657 2650 jam
690 2584 837 2632 senectute
862 2585 913 2646 est,
939 2584 971 2633 et
1077 2594 1078 2601 ¹

194 2666 321 2743 qnotidie
340 2676 563 2723 commentatur:
587 2667 656 2724 nihil
677 2667 752 2724 enirn
774 2679 855 2726 curat
874 2669 968 2726 aliud:

196 2771 224 2818 at
236 2761 275 2823 Q.
290 2759 426 2817 Velocius
445 2779 514 2836 puer
535 2759 725 2818 addidicerat:
746 2762 795 2818 sed
816 2763 972 2838 quoderat

147 2863 181 2915 Ξ
196 2867 276 2932 aptus
296 2857 330 2915 ad
354 2855 432 2929 illud,
452 2865 599 2932 totumque
625 2855 774 2934 cogndrat,
792 2858 855 2932 lisit,
874 2867 907 2917 ut
925 2867 971 2917 est

196 2953 269 3030 apud
283 2951 436 3026 Lucilium,
