2167 3525
120 274 200 337 ara]
402 274 445 323 na
467 275 631 325 onerosa
909 260 952 323 aa

119 422 228 501 plicare
247 440 331 483 suram
351 424 387 483 de
407 424 537 485 maximis
557 426 659 495 rebns;
683 433 713 482 et
732 422 854 495 honesti,
874 430 905 481 et

120 518 230 595 diserti,
246 530 276 577 ut
290 530 384 577 mente
404 521 564 597 providere,
585 521 755 581 auctoritate
773 520 903 600 probare,

101 625 106 632 ’
120 615 251 672 oratioue
263 616 443 691 persuadere,
457 617 554 693 possit

161 808 316 880 Lxxxxr.
349 810 445 886 Atque
458 810 520 871 heo
534 810 565 873 in
578 822 679 871 senatu
693 811 805 871 minore
822 828 905 887 appa-

120 915 183 963 ratu
205 906 315 983 agenda
334 917 416 967 sunt:
441 908 555 984 sapiens
574 909 651 965 enim
671 918 714 968 est
734 908 934 978 eonsilium35

120 1000 272 1080 multisque
314 1003 377 1062 aliis
416 1003 531 1060 dicendi
571 1004 774 1080 relinquendus
812 1004 902 1062 loeus.

119 1097 246 1155 Vitanda
265 1098 351 1157 etiam
373 1098 481 1175 ingenii
501 1100 699 1161 ostentationis
719 1098 853 1175 suspicio.

159 1193 272 1252 Coneio
293 1195 369 1270 capit
389 1213 504 1258 omnem
525 1196 579 1253 aim
601 1195 749 1267 orationis,
768 1205 797 1253 et
813 1194 905 1273 grave

119 1300 206 1347 tatem
227 1291 448 1369 varietatemque
476 1292 626 1353 desiderat.
680 1292 768 1368 Ergo,
790 1292 819 1348 in
840 1310 904 1348 sua·

120 1386 226 1459 dendo,
241 1387 311 1447 nihil
332 1398 375 1444 est
395 1389 557 1463 optabilius,
571 1407 655 1463 quam
675 1386 816 1463 dignitas:
837 1404 904 1445 narn
919 1393 950 1441 lo

120 1483 170 1557 qui
204 1482 355 1541 utilitatem
387 1464 478 1561 putat:
504 1503 563 1543 uon
590 1484 657 1562 quid
689 1483 812 1540 maxime
837 1482 904 1540 velit

119 1596 231 1649 suasor,
246 1578 296 1634 sed
310 1579 379 1657 quid
393 1579 535 1641 interdum
556 1579 647 1656 magis
661 1589 804 1654 sequatur,
818 1579 895 1637 videt

118 1674 217 1731 Nemo
231 1685 274 1732 est
288 1676 374 1746 enim,
389 1676 542 1751 prasertim
560 1676 587 1733 in
603 1687 659 1734 tarn
681 1675 758 1734 elaad
778 1676 903 1747 civitate,

118 1773 189 1848 quin
209 1783 290 1848 putet
309 1774 494 1849 expetendam
509 1774 632 1834 maxime
645 1773 828 1850 dignitatem:
850 1772 900 1830 sed

118 1869 208 1926 vincit
228 1869 335 1927 utilitas
354 1870 529 1948 plerumque,
545 1889 610 1930 oum
631 1871 729 1928 subest
745 1870 792 1931 ille
805 1870 900 1940 timor,
919 1871 949 1919 1⁵

118 1967 154 2024 ed
168 1966 309 2044 neglecta,
321 1986 357 2024 ne
368 1967 534 2044 dignitatern
550 1967 664 2042 quidem
677 1986 760 2043 posse
774 1965 901 2025 retineri.

158 2063 360 2125 Controversia
374 2074 467 2126 autem
484 2064 558 2122 inter
578 2064 725 2124 hominum
746 2061 902 2122 sententias

120 2169 169 2217 aut
183 2160 212 2216 in
228 2160 277 2220 illo
291 2171 343 2230 est,
357 2171 451 2217 utrum
473 2160 510 2218 sit
528 2159 641 2217 utilius:
663 2157 821 2226 autetiam,
835 2173 903 2214 eum

120 2256 150 2313 id
164 2256 308 2326 convenit,
323 2266 457 2326 certatur,
473 2264 568 2330 utrum
589 2252 731 2314 honestati
751 2251 846 2328 potius
866 2269 902 2310 an

119 2352 235 2414 utilitati
261 2352 468 2412 consulendum
495 2350 540 2408 sit.
580 2349 657 2412 Quae
684 2348 752 2424 quia
776 2367 902 2426 pugnare
917 2353 950 2405 2⁰

120 2467 195 2525 saepe
216 2450 289 2508 inter
310 2467 340 2506 se
361 2448 501 2518 videntur,
522 2446 570 2522 qui
590 2446 740 2506 utilitatem
764 2445 900 2518 defendit,

119 2545 298 2604 enumerabit
332 2545 482 2602 commoda
514 2542 604 2619 pacis,
636 2561 731 2618 opum,
758 2543 902 2617 potentiae,

119 2641 261 2718 pecuniae,
282 2639 474 2716 vectigalium,
501 2638 626 2720 presidii
654 2638 784 2709 rnilitum,
813 2635 902 2715 [utili-

119 2738 205 2817 tates]
229 2746 387 2794 eeterarnm
409 2753 512 2805 rerum,
533 2752 651 2809 quarum
679 2735 802 2792 fructum
829 2731 903 2792 utili-

119 2844 177 2891 tate
192 2833 335 2903 metimur,
350 2832 473 2905 itemqus
488 2830 670 2888 incommoda
685 2827 902 2887 contrariorum.
918 2835 951 2884 Ξ

119 2930 182 2993 Qui
205 2930 239 2988 ad
259 2929 427 3006 dignitatem
448 2927 578 3002 impellit,
600 2927 739 3002 majorum
764 2925 902 3001 exempla,

120 3046 184 3104 quae
204 3036 287 3088 erunt
306 3025 350 3087 rel
377 3043 443 3086 oum
468 3023 598 3103 periculo
622 3022 756 3104 gloriosa,
777 3020 901 3098 eolliget,
