2167 3525
114 262 205 325 ern]
396 268 439 315 nn
459 268 622 317 onsuonn
884 258 941 317 105

113 424 171 487 ant,
186 425 235 475 aut
254 415 323 494 quid
341 418 535 495 profiteantur,
551 418 711 497 intelligere
729 428 892 497 potuerunt.

112 510 220 571 Verum
241 513 317 571 enim
333 515 448 588 oratori,
462 536 526 592 que
539 527 607 575 sunt
620 516 651 575 in
663 516 810 579 hominnm
824 516 892 587 virt,

111 609 339 687 quandoquidem
365 612 395 672 in
422 612 457 671 ei
477 623 603 673 versatur
629 623 733 685 orator,
755 623 838 689 atquc
856 631 893 671 ea

110 714 155 763 est
175 705 203 762 ei
222 707 349 784 subjecta
368 708 510 781 materies,
527 710 624 768 omniu
642 708 770 785 quesita,
785 709 891 781 audita,

110 800 196 875 lecta,
220 804 370 881 disputata,
397 816 528 879 tractata,
556 806 663 884 agitata
688 824 751 864 esse
776 806 924 863 debent.5

110 896 164 957 Est
189 899 265 957 enim
291 901 454 978 eloquentia
479 921 538 961 nna
564 903 693 978 quaedam
716 901 753 959 de
773 901 892 961 summis

110 993 275 1066 virtutibus3
297 995 472 1075 (quanquam
483 1008 551 1055 sunt
562 1017 662 1059 omnes
673 998 788 1057 virtutes
798 1016 890 1073 equa·

109 1088 151 1147 les
174 1102 203 1152 et
225 1112 317 1169 paros,
340 1093 390 1151 sed
415 1104 511 1153 tamen
534 1105 577 1155 est
599 1095 709 1172 species
731 1094 786 1153 alia
799 1094 891 1172 magis

110 1186 165 1247 alit
193 1187 315 1247 formosa
331 1199 370 1247 et
393 1190 526 1261 illustris3
557 1190 634 1249 sicut
656 1190 719 1249 baec
741 1190 792 1262 vis,
816 1210 889 1267 quae,

109 1284 258 1343 scientiam
274 1286 423 1362 complexa
441 1305 546 1360 rernm,
560 1306 645 1346 sensa
663 1286 767 1347 mentis
780 1296 809 1345 et
822 1304 890 1343 con·
907 1298 937 1346 lt

108 1380 174 1438 eilia
199 1380 242 1439 sic
265 1382 361 1439 -verbis
386 1383 519 1459 explicat,
546 1394 578 1442 ut
603 1402 663 1454 eos,
686 1383 735 1458 qni
763 1382 888 1453 andiunt,

109 1494 290 1552 quocumque
315 1478 488 1551 incubuerit,
514 1479 605 1555 possit
631 1478 792 1555 impellere3
826 1496 889 1551 que

109 1590 167 1647 quo
186 1572 276 1649 major
296 1583 339 1631 est
358 1574 409 1646 vis,
424 1574 481 1634 boc
500 1584 544 1633 est
563 1574 654 1651 magis
673 1574 812 1651 probitate
824 1573 888 1649 jun·

108 1668 213 1745 genda,
227 1669 392 1745 summique
411 1670 593 1750 prudentit2)
614 1689 734 1746 quarum
753 1668 888 1727 virtutum

108 1765 270 1842 expertibus
290 1767 314 1824 ti
333 1767 451 1827 dicendi
471 1767 815 1843 copiarutradiderimus,
829 1784 889 1826 non
905 1779 936 1828 15

108 1879 157 1922 eos
176 1863 291 1938 quidem
309 1873 435 1922 oratores
453 1864 643 1938 effecerimus,
659 1865 710 1924 aed
730 1864 888 1924 furentibus

108 1959 236 2035 quodam
250 1979 327 2018 arma
339 1960 509 2020 dederimus.

146 2150 213 2210 XV.
243 2151 485 2228 Hanc,inqna1n,
506 2152 655 2229 cogitandi
673 2151 890 2229 pronuntiandi-

107 2263 164 2322 qne
189 2247 338 2319 rationem,
365 2247 478 2324 vimque
504 2247 631 2318 dicendi,
658 2256 768 2304 veteres
793 2245 889 2304 Greci

107 2341 276 2418 sapientiam
311 2343 504 2402 nominabunt.
565 2342 645 2400 Hinc
678 2342 720 2400 illi
752 2342 887 2420 Lycurgi,
903 2350 934 2399 20

107 2439 174 2498 hinc
192 2439 306 2511 Pittaci,
322 2439 390 2498 hinc
410 2439 541 2510 Solones,
557 2449 640 2514 atque
661 2438 696 2497 ab
716 2439 770 2496 bac
789 2439 888 2498 simili-

106 2536 206 2596 tudine
234 2535 412 2595 Coruncanii
446 2536 546 2608 nostri,
580 2535 717 2609 Fabricii,
750 2536 888 2608 Catones,

106 2632 258 2708 Scipiones
278 2632 401 2704 fuerunt,
421 2651 480 2691 non
500 2642 559 2690 tam
586 2632 705 2692 sonasse
729 2632 815 2704 docti,
836 2632 888 2690 scd

107 2727 224 2804 impetn
245 2729 348 2788 mentis
381 2729 468 2787 simili
500 2739 529 2786 et
562 2724 715 2787 iciuntate.
776 2726 888 2786 Eidem

106 2834 201 2882 autent
216 2824 264 2882 alii
277 2824 438 2901 prudentii,
452 2825 502 2882 sed
517 2824 639 2882 consilio
660 2825 696 2882 ad
709 2824 773 2882 aitae
793 2823 887 2882 studia
900 2832 933 2881 25

104 2919 221 2994 dispari,
235 2921 359 2995 quietem
373 2930 457 2995 atque
478 2921 569 2978 otium
585 2919 687 2991 secuti,
701 2928 733 2976 ut
746 2918 888 2998 Pythago-

105 3035 162 3088 raa,
176 3015 367 3088 Democritus,
382 3016 582 3094 Anaxagoras,
601 3035 618 3073 a
637 3015 770 3094 regendis
789 3014 887 3072 civita·
