2167 3525
140 288 196 350 tat
454 302 498 349 nn
520 302 683 351 onsnonu.
864 302 960 363 [nni.

222 446 351 508 XXXII.
382 448 442 510 Hic
468 450 598 523 Catulus,
624 446 676 510 Dii
701 448 891 508 immortates!
919 449 962 507 in·

183 546 259 625 quin
279 557 414 623 quantam
433 564 528 605 rernm
549 547 723 619 varietatem,
738 556 872 624 quantam
892 546 961 619 vim,

182 654 316 719 quantam
336 644 455 721 copiam,
471 643 585 716 Crasse,
599 643 763 720 complexus
782 662 823 716 es,
837 642 962 718 quantia·

182 754 293 813 queen
313 737 451 815 angustiis
470 747 612 796 oratorem
631 737 755 796 educere
775 754 860 795 ausus
876 754 918 807 es,
932 745 962 793 et

151 832 212 891 din
226 833 364 909 majorum
383 850 498 891 suorum
518 851 609 911 regno
627 832 786 892 collocare!
826 830 962 907 Namque

182 927 245 987 iilos
258 938 367 987 veteres
379 928 510 987 doctores
524 940 710 1004 auctoresque
723 928 838 987 dicendi
850 927 962 987 nullum

181 1040 272 1105 genus
284 1024 484 1100 disputationis
498 1042 559 1083 ase
573 1024 696 1083 alienum
715 1024 830 1101 patinae
851 1011 962 1099 aceepi-

181 1136 254 1191 mus,
274 1138 440 1198 semperque
460 1138 523 1180 esse
542 1120 573 1179 in
592 1119 671 1179 omui
690 1119 828 1178 orationis
850 1118 962 1180 ratione
1074 1151 1075 1178 ;

181 1226 313 1277 versatos.
353 1216 399 1276 Ex
411 1217 515 1293 quibus
530 1216 620 1277 Eleus
640 1214 771 1294 Hippias,
785 1233 851 1275 cum
863 1216 963 1292 Olym·

137 1326 169 1379 ιο
181 1311 257 1390 piam
270 1313 402 1386 reniam,
417 1313 541 1371 maximi
560 1312 610 1371 tua
627 1312 831 1389 quinquennali
844 1311 963 1370 celebri·

181 1419 240 1467 tute
253 1409 394 1481 ludorum,
408 1409 546 1487 gloriatus
563 1419 618 1482 est,
632 1408 738 1467 cuncti
750 1426 832 1485 pene
846 1408 962 1467 audien·

182 1516 211 1563 te
223 1504 347 1579 Graeoid‚
361 1505 432 1565 nihii
445 1522 508 1565 esse
522 1504 580 1564 uttt
593 1507 624 1564 in
638 1516 697 1563 arte
715 1522 808 1563 rerum
822 1504 961 1577 omniurn,

182 1600 258 1677 quod
272 1600 332 1679 ipse
343 1602 484 1673 .nssoiret;
505 1620 561 1661 nes
579 1602 672 1662 scium
684 1602 743 1661 iias
761 1610 844 1675 artes,
858 1600 963 1677 quibua

181 1696 312 1757 liberales
332 1698 467 1758 doctrinm
489 1709 572 1776 atque
591 1699 723 1778 ingenue
736 1696 962 1770 continerentur,

137 1799 168 1851 tt
181 1794 375 1872 geometriam,
390 1795 539 1868 musicam,
553 1796 699 1854 literarum
713 1793 919 1873 cognitionem,
933 1805 963 1852 et

181 1893 339 1965 poctarum,
355 1899 438 1965 atque
452 1891 509 1963 iila,
524 1910 588 1967 quae
601 1892 638 1949 de
650 1891 761 1950 naturis
780 1909 963 1967 rerumque

182 1983 218 2042 de
244 1984 391 2042 hominum
424 1987 561 2060 moribus,
589 2006 652 2062 quis
685 1986 722 2044 de
753 1987 963 2064 rebuspubliois

182 2079 360 2153 dicerentur3
395 2081 445 2141 sed
473 2083 618 2156 annulum,
642 2101 726 2158 quem
753 2083 879 2156 haberet,
903 2083 964 2160 pal·

182 2177 262 2264 liupr,
275 2195 333 2256 qno
354 2179 483 2252 amictus,
498 2197 610 2252 soccos,
624 2179 728 2255 quibus
747 2179 863 2238 indutus
875 2189 960 2252 esset,

135 2283 167 2335 w
181 2293 213 2332 se
239 2274 291 2332 sud
316 2294 402 2333 manu
429 2275 595 2336 coniecisse.
654 2275 775 2334 Scilicet
801 2275 887 2334 nimis
912 2274 963 2334 hic
983 2315 995 2338 ι

182 2369 297 2444 quidem
316 2381 359 2428 est
377 2389 553 2449 progressus,
574 2371 625 2429 sed
645 2390 681 2429 ex
699 2390 734 2430 eo
753 2372 815 2448 ipso
836 2381 879 2429 est
893 2389 963 2430 oon·

181 2557 403 2636 preclarissimis
424 2561 530 2619 artibus
551 2564 728 2640 appetierint,
747 2563 853 2638 quine
872 2563 964 2622 sordi·

182 2654 277 2713 diores
302 2655 416 2730 quidem
442 2657 626 2733 repudidrint
664 2657 747 2721 Quid
772 2659 810 2717 de
836 2659 962 2717 Prodico

134 2763 166 2814 ᾖ
181 2751 277 2810 cniot
302 2752 369 2828 quid
393 2753 429 2810 de
455 2751 672 2829 Thrasymacho
698 2755 905 2827 Chalcedonio,
923 2755 963 2813 de

181 2845 334 2925 Protagord
353 2847 502 2920 Abderitd,
523 2849 642 2923 loqnar'i
664 2869 784 2925 quornm
812 2849 964 2925 unusquis·

182 2961 237 3018 que
255 2944 407 3019 plurimum
427 2945 601 3021 temporibus
620 2945 687 3018 iilis,
701 2947 787 3005 etiam
807 2947 844 3005 de
857 2947 963 3006 uaturd

164 3051 284 3111 rerum,
305 3049 333 3096 et
352 3040 485 3098 disseruit
505 3051 534 3098 et
553 3041 674 3119 scripsit.
714 3041 781 3119 lpse
800 3043 848 3101 ille
868 3043 964 3100 Leon·

1057 3178 1059 3241 i
