2167 3525
124 324 217 385 nm]
403 302 451 373 ¹nr:
472 325 634 372 urrunnu.

123 474 275 550 reliquum,
300 490 333 531 ue
358 490 439 550 paene
455 487 647 551 postremum,
674 472 818 530 memorie
843 489 908 547 pro·

123 570 243 626 damus:
269 578 350 643 atque
371 570 407 641 ei,
428 572 482 627 etsi
502 570 681 645 nequisquam
706 587 803 645 parem
817 567 906 653 illius

21 737 23 741 Ι
125 665 252 741 iugenio,
275 675 303 723 at
321 684 372 741 pro
399 675 496 725 nostro
521 676 617 723 tamen
643 665 749 737 studio,
773 661 906 722 ¹meritum

124 762 245 838 gratiam
272 762 641 837 debitamque-referamus.
695 761 799 837 Neque
829 761 906 819 enirn

125 858 272 933 quisquam
298 859 437 930 nostrdm,
463 878 529 917 eum
555 859 643 915 libros
669 858 797 916 Platonis
823 858 937 915 mira-5

61 964 62 967 ’
124 954 219 1011 biiiter
244 955 364 1031 scriptos
389 954 468 1031 legit,
496 955 526 1011 iu
554 955 656 1029 quibus
688 956 820 1013 omnibus
846 955 906 1012 sere

124 1050 258 1109 Socrates
279 1052 453 1127 exprimitur,
468 1070 536 1122 non,
551 1070 710 1127 quanquam
731 1052 781 1109 iila
799 1052 906 1128 scripta

123 1157 190 1203 snut
209 1146 356 1219 divinitus,
371 1157 465 1205 tamen
486 1147 577 1223 majus
596 1147 729 1224 quiddam
746 1147 782 1204 de
796 1146 855 1218 illo,
869 1148 905 1204 de

124 1261 181 1318 quo
201 1243 401 1320 seriptasnut,
422 1244 589 1319 suspicatur.
642 1243 732 1305 Quod
758 1244 826 1300 item
853 1261 906 1299 nos

122 1339 388 1414 postulamus-non
410 1358 426 1397 a
445 1349 477 1397 te
493 1339 625 1415 quidem,¹
639 1340 687 1415 qui
708 1339 791 1396 nobis
810 1338 907 1396 omuiu
921 1346 952 1395 m

124 1454 236 1492 summa
247 1435 365 1506 tribuis,
380 1436 430 1492 sed
445 1454 461 1493 a
474 1436 588 1507 ueteris,
605 1436 654 1509 qui
673 1435 736 1491 haeo
755 1434 785 1492 iu
805 1453 907 1493 manus

124 1540 248 1602 sument,
263 1540 294 1587 ut
314 1530 404 1606 majus
424 1530 558 1605 quiddam
580 1529 616 1587 de
635 1531 669 1592 L·
690 1531 805 1601 Crasso,
822 1548 907 1606 quam

125 1636 261 1700 quantum
277 1627 389 1683 euobis
410 1627 593 1702 exprimetur,
614 1627 802 1702 suspieentur.
843 1626 907 1684 Nos

124 1721 203 1782 euim
224 1720 287 1800 (qui
308 1722 361 1799 ipsi
385 1724 509 1781 sermoni
537 1742 595 1781 uon
622 1723 857 1796 iuteriirissemus,
877 1734 908 1783 et

123 1819 227 1894 quibus
241 1819 275 1877 C.
291 1818 377 1877 Cotta
392 1821 593 1877 tantummodo
610 1821 689 1878 looos
704 1840 738 1879 ao
751 1806 907 1879 sententias
922 1831 954 1881 16

106 1913 212 1990 'hujus
228 1914 427 1990 disputationis
453 1915 640 1995 tradidisset),
660 1935 717 1993 quo
744 1917 774 1974 iu
791 1953 794 1956 ψ
800 1935 907 1994 genere

124 2010 261 2068 orationis
281 2026 431 2086 utrumque
451 2022 592 2069 oratorem
614 2013 907 2090 cognoveramusid·

125 2105 217 2181 ipsum
250 2125 348 2163 snmus
380 2106 410 2163 in
443 2117 542 2165 eorum
576 2127 707 2165 sermone
740 2111 907 2166 adumbrare

125 2201 230 2258 eonati.
270 2201 359 2263 Quod
380 2202 404 2258 si
424 2202 487 2278 quis
504 2203 569 2273 orit,
583 2203 641 2276 qni,
656 2203 759 2259 duetus
772 2203 908 2279 opinione

61 2316 63 2320 ·
88 2302 91 2306 ’
125 2296 213 2374 vulgi,
236 2306 284 2354 aut
298 2297 464 2370 ¹Antonium
489 2298 670 2374 jejuniorem‚
699 2308 747 2355 aut
773 2298 907 2358 Crassum
922 2313 954 2372 ω

124 2393 292 2469 pleniorem,
314 2391 400 2450 fuisse
420 2404 509 2469 putet,
530 2412 614 2469 quarn
634 2394 777 2468 quomodo
795 2396 908 2454 anobis

33 2501 36 2503 ’
125 2499 245 2564 uterque
266 2489 400 2546 inductus
420 2499 480 2560 est;
501 2490 525 2554 is
539 2490 593 2548 erit
605 2509 642 2557 er
651 2491 699 2563 iis,
713 2491 762 2567 qui
776 2503 824 2550 aut
843 2490 908 2552 illos

125 2604 183 2644 non
205 2585 355 2657 audierint,
379 2597 427 2643 eut
448 2585 579 2662 judicare
604 2606 661 2645 uon
688 2582 813 2663 possint:
840 2606 908 2646 uam

127 2680 180 2738 fuit
193 2690 311 2755 uterque
327 2680 372 2758 (nt
385 2683 501 2759 exposui
522 2684 620 2762 antea)
631 2701 702 2741 eum
715 2684 810 2742 studio
824 2693 908 2758 atque

127 2765 242 2853 iugenio
264 2785 294 2834 et
316 2777 448 2836 doctrind
471 2788 608 2855 praestans
629 2779 773 2851 omuibus,
796 2788 857 2836 turn
878 2779 956 2849 inus

127 2890 181 2929 suo
212 2891 317 2949 genere
349 2874 502 2949 perfectus,
529 2880 562 2932 nt
593 2893 688 2949 neque
720 2873 751 2945 iu
781 2873 910 2952 Antonio

66 2977 69 2984 ·
127 2965 239 3024 deesset
258 2968 307 3046 hie
327 2980 444 3028 ornatos
465 2953 614 3042 orationis,
634 2989 729 3049 nequo
751 2970 782 3030 iu
802 2960 912 3030 crasso
930 2960 936 2977 ’

128 3061 308 3128 redundaret.
904 3075 910 3086 ·

360 3159 409 3218 80
