<?xml version="1.0" encoding="UTF-8"?>
<!DOCTYPE html PUBLIC "-//W3C//DTD XHTML 1.0 Transitional//EN"
    "http://www.w3.org/TR/xhtml1/DTD/xhtml1-transitional.dtd">
<html xmlns="http://www.w3.org/1999/xhtml" xml:lang="en" lang="en">
 <head>
  <title>
</title>
<meta http-equiv="Content-Type" content="text/html;charset=utf-8" />
  <meta name='ocr-system' content='tesseract 3.04.00' />
  <meta name='ocr-capabilities' content='ocr_page ocr_carea ocr_par ocr_line ocrx_word'/>
</head>
<body>
  <div class='ocr_page' id='page_1' title='image "./mtciceronisadqu03dillgoog_0103.png"; bbox 0 0 2167 3525; ppageno 0'>
   <div class='ocr_carea' id='block_1_1' title="bbox 120 268 1052 339">
    <p class='ocr_par' dir='ltr' id='par_1_1' title="bbox 120 268 1052 339">
     <span class='ocr_line' id='line_1_1' title="bbox 120 268 1052 339; baseline 0 -14"><span class='ocrx_word' id='word_1_1' title='bbox 120 278 147 325; x_wconf 82' lang='lat' dir='ltr'>n.</span> <span class='ocrx_word' id='word_1_2' title='bbox 157 274 221 339; x_wconf 66' lang='lat'><em>1111.</em></span> <span class='ocrx_word' id='word_1_3' title='bbox 400 276 444 325; x_wconf 82' lang='lat' dir='ltr'>ns</span> <span class='ocrx_word' id='word_1_4' title='bbox 464 278 628 325; x_wconf 72' lang='lat' dir='ltr'>oneronn.</span> <span class='ocrx_word' id='word_1_5' title='bbox 908 268 947 325; x_wconf 75' lang='grc'>97</span> <span class='ocrx_word' id='word_1_6' title='bbox 1049 305 1052 312; x_wconf 78' lang='lat'>,</span> 
     </span>
    </p>
   </div>
   <div class='ocr_carea' id='block_1_2' title="bbox 119 425 903 794">
    <p class='ocr_par' dir='ltr' id='par_1_2' title="bbox 119 425 903 794">
     <span class='ocr_line' id='line_1_2' title="bbox 119 425 903 504; baseline -0.001 -20"><span class='ocrx_word' id='word_1_7' title='bbox 119 426 306 498; x_wconf 83' lang='lat' dir='ltr'>militudines,</span> <span class='ocrx_word' id='word_1_8' title='bbox 319 436 377 488; x_wconf 80' lang='lat' dir='ltr'>tan</span> <span class='ocrx_word' id='word_1_9' title='bbox 397 436 483 485; x_wconf 79' lang='lat' dir='ltr'>oerte</span> <span class='ocrx_word' id='word_1_10' title='bbox 503 446 549 485; x_wconf 89' lang='lat' dir='ltr'>res</span> <span class='ocrx_word' id='word_1_11' title='bbox 568 427 706 504; x_wconf 73' lang='lat' dir='ltr'>cujusque</span> <span class='ocrx_word' id='word_1_12' title='bbox 717 425 855 503; x_wconf 79' lang='lat' dir='ltr'>proprie,</span> <span class='ocrx_word' id='word_1_13' title='bbox 873 435 903 483; x_wconf 86' lang='lat' dir='ltr'>et</span> 
     </span>
     <span class='ocr_line' id='line_1_3' title="bbox 119 522 903 595; baseline -0.001 -15"><span class='ocrx_word' id='word_1_14' title='bbox 119 522 150 580; x_wconf 92' lang='lat' dir='ltr'>in</span> <span class='ocrx_word' id='word_1_15' title='bbox 164 523 200 580; x_wconf 76' lang='lat' dir='ltr'>ed</span> <span class='ocrx_word' id='word_1_16' title='bbox 213 522 358 594; x_wconf 76' lang='lat' dir='ltr'>verietate,</span> <span class='ocrx_word' id='word_1_17' title='bbox 373 522 432 580; x_wconf 85' lang='lat' dir='ltr'>lere</span> <span class='ocrx_word' id='word_1_18' title='bbox 442 524 556 582; x_wconf 69' lang='lat' dir='ltr'>vmelius</span> <span class='ocrx_word' id='word_1_19' title='bbox 569 543 587 582; x_wconf 83' lang='lat' dir='ltr'>s</span> <span class='ocrx_word' id='word_1_20' title='bbox 599 523 750 595; x_wconf 75' lang='lat' dir='ltr'>deteriore,</span> <span class='ocrx_word' id='word_1_21' title='bbox 766 522 903 581; x_wconf 70' lang='lat' dir='ltr'>facultate</span> 
     </span>
     <span class='ocr_line' id='line_1_4' title="bbox 120 619 902 698; baseline 0.001 -22"><span class='ocrx_word' id='word_1_22' title='bbox 120 619 213 696; x_wconf 85' lang='lat' dir='ltr'>magis</span> <span class='ocrx_word' id='word_1_23' title='bbox 239 638 322 694; x_wconf 81' lang='lat' dir='ltr'>quum</span> <span class='ocrx_word' id='word_1_24' title='bbox 347 638 463 698; x_wconf 82' lang='lat' dir='ltr'>genere,</span> <span class='ocrx_word' id='word_1_25' title='bbox 488 620 682 697; x_wconf 75' lang='lat' dir='ltr'>distinguitur,</span> <span class='ocrx_word' id='word_1_26' title='bbox 707 630 792 695; x_wconf 85' lang='lat' dir='ltr'>etque</span> <span class='ocrx_word' id='word_1_27' title='bbox 816 636 902 677; x_wconf 85' lang='lat' dir='ltr'>omne</span> 
     </span>
     <span class='ocr_line' id='line_1_5' title="bbox 120 714 900 794; baseline 0 -22"><span class='ocrx_word' id='word_1_28' title='bbox 120 714 260 788; x_wconf 80' lang='lat' dir='ltr'>laudetur,</span> <span class='ocrx_word' id='word_1_29' title='bbox 286 715 361 792; x_wconf 92' lang='lat' dir='ltr'>qnod</span> <span class='ocrx_word' id='word_1_30' title='bbox 389 716 419 774; x_wconf 90' lang='lat' dir='ltr'>in</span> <span class='ocrx_word' id='word_1_31' title='bbox 446 732 498 774; x_wconf 87' lang='lat' dir='ltr'>suo</span> <span class='ocrx_word' id='word_1_32' title='bbox 524 730 630 794; x_wconf 82' lang='lat' dir='ltr'>genere</span> <span class='ocrx_word' id='word_1_33' title='bbox 656 715 815 792; x_wconf 86' lang='lat' dir='ltr'>perfeetum</span> <span class='ocrx_word' id='word_1_34' title='bbox 841 725 900 786; x_wconf 88' lang='lat' dir='ltr'>est;</span> 
     </span>
    </p>
   </div>
   <div class='ocr_carea' id='block_1_3' title="bbox 118 810 947 2907">
    <p class='ocr_par' dir='ltr' id='par_1_3' title="bbox 118 810 947 2907">
     <span class='ocr_line' id='line_1_6' title="bbox 120 810 941 891; baseline 0.001 -23"><span class='ocrx_word' id='word_1_35' title='bbox 120 810 189 887; x_wconf 89' lang='lat' dir='ltr'>quid</span> <span class='ocrx_word' id='word_1_36' title='bbox 215 812 346 885; x_wconf 76' lang='lat' dir='ltr'>censetis,</span> <span class='ocrx_word' id='word_1_37' title='bbox 373 812 398 871; x_wconf 90' lang='lat' dir='ltr'>si</span> <span class='ocrx_word' id='word_1_38' title='bbox 424 830 534 885; x_wconf 89' lang='lat' dir='ltr'>omnes,</span> <span class='ocrx_word' id='word_1_39' title='bbox 562 812 611 889; x_wconf 90' lang='lat' dir='ltr'>qui</span> <span class='ocrx_word' id='word_1_40' title='bbox 634 812 739 888; x_wconf 88' lang='lat' dir='ltr'>ubique</span> <span class='ocrx_word' id='word_1_41' title='bbox 764 821 831 891; x_wconf 82' lang='lat' dir='ltr'>sont</span> <span class='ocrx_word' id='word_1_42' title='bbox 852 820 941 870; x_wconf 67' lang='lat' dir='ltr'>tuto</span> 
     </span>
     <span class='ocr_line' id='line_1_7' title="bbox 121 898 939 992; baseline 0 -27"><span class='ocrx_word' id='word_1_43' title='bbox 121 898 235 967; x_wconf 82' lang='lat' dir='ltr'>lirerunt</span> <span class='ocrx_word' id='word_1_44' title='bbox 260 918 398 992; x_wconf 77' lang='lat' dir='ltr'>orstores,</span> <span class='ocrx_word' id='word_1_45' title='bbox 424 909 558 986; x_wconf 85' lang='lat' dir='ltr'>empleeti</span> <span class='ocrx_word' id='word_1_46' title='bbox 586 908 779 970; x_wconf 86' lang='lat' dir='ltr'>voluerimus‘l</span> <span class='ocrx_word' id='word_1_47' title='bbox 804 925 904 966; x_wconf 89' lang='lat' dir='ltr'>nonne</span> <span class='ocrx_word' id='word_1_48' title='bbox 928 920 939 933; x_wconf 67' lang='lat'>⁸</span> 
     </span>
     <span class='ocr_line' id='line_1_8' title="bbox 119 1003 901 1082; baseline 0 -20"><span class='ocrx_word' id='word_1_49' title='bbox 119 1003 188 1078; x_wconf 81' lang='lat' dir='ltr'>fore,</span> <span class='ocrx_word' id='word_1_50' title='bbox 203 1014 244 1077; x_wconf 91' lang='lat' dir='ltr'>ut,</span> <span class='ocrx_word' id='word_1_51' title='bbox 258 1016 328 1081; x_wconf 91' lang='lat' dir='ltr'>quot</span> <span class='ocrx_word' id='word_1_52' title='bbox 340 1015 478 1077; x_wconf 76' lang='lat' dir='ltr'>oratores,</span> <span class='ocrx_word' id='word_1_53' title='bbox 491 1005 611 1064; x_wconf 82' lang='lat' dir='ltr'>totidem</span> <span class='ocrx_word' id='word_1_54' title='bbox 622 1024 705 1082; x_wconf 80' lang='lat' dir='ltr'>prens</span> <span class='ocrx_word' id='word_1_55' title='bbox 724 1005 901 1082; x_wconf 80' lang='lat' dir='ltr'>reperientur</span> 
     </span>
     <span class='ocr_line' id='line_1_9' title="bbox 118 1098 902 1178; baseline 0.003 -21"><span class='ocrx_word' id='word_1_56' title='bbox 118 1118 225 1178; x_wconf 84' lang='lat' dir='ltr'>genere</span> <span class='ocrx_word' id='word_1_57' title='bbox 242 1098 410 1160; x_wconf 81' lang='lat' dir='ltr'>‘dioendil&#39;</span> <span class='ocrx_word' id='word_1_58' title='bbox 444 1100 489 1159; x_wconf 81' lang='lat' dir='ltr'>Ex</span> <span class='ocrx_word' id='word_1_59' title='bbox 522 1102 580 1177; x_wconf 77' lang='lat' dir='ltr'>qud</span> <span class='ocrx_word' id='word_1_60' title='bbox 613 1102 678 1161; x_wconf 74' lang='lat' dir='ltr'>med</span> <span class='ocrx_word' id='word_1_61' title='bbox 709 1101 902 1178; x_wconf 83' lang='lat' dir='ltr'>disputatione</span> 
     </span>
     <span class='ocr_line' id='line_1_10' title="bbox 118 1196 902 1274; baseline 0.001 -20"><span class='ocrx_word' id='word_1_62' title='bbox 118 1196 236 1256; x_wconf 80' lang='lat' dir='ltr'>forsitan</span> <span class='ocrx_word' id='word_1_63' title='bbox 262 1209 397 1257; x_wconf 80' lang='lat' dir='ltr'>ooeurret</span> <span class='ocrx_word' id='word_1_64' title='bbox 422 1196 502 1271; x_wconf 91' lang='lat' dir='ltr'>illud,</span> <span class='ocrx_word' id='word_1_65' title='bbox 526 1198 552 1256; x_wconf 89' lang='lat' dir='ltr'>si</span> <span class='ocrx_word' id='word_1_66' title='bbox 573 1216 655 1274; x_wconf 74' lang='lat' dir='ltr'>pene</span> <span class='ocrx_word' id='word_1_67' title='bbox 680 1198 902 1257; x_wconf 77' lang='lat' dir='ltr'>innumerabiles</span> 
     </span>
     <span class='ocr_line' id='line_1_11' title="bbox 119 1293 947 1373; baseline 0.005 -22"><span class='ocrx_word' id='word_1_68' title='bbox 119 1293 175 1353; x_wconf 89' lang='lat' dir='ltr'>sint</span> <span class='ocrx_word' id='word_1_69' title='bbox 195 1293 275 1369; x_wconf 84' lang='lat' dir='ltr'>qussi</span> <span class='ocrx_word' id='word_1_70' title='bbox 295 1294 392 1353; x_wconf 74' lang='lat' dir='ltr'>forme</span> <span class='ocrx_word' id='word_1_71' title='bbox 411 1295 567 1373; x_wconf 84' lang='lat' dir='ltr'>figuraeque</span> <span class='ocrx_word' id='word_1_72' title='bbox 587 1294 713 1366; x_wconf 80' lang='lat' dir='ltr'>dicendi,</span> <span class='ocrx_word' id='word_1_73' title='bbox 730 1294 827 1371; x_wconf 87' lang='lat' dir='ltr'>speeie</span> <span class='ocrx_word' id='word_1_74' title='bbox 846 1293 902 1351; x_wconf 90' lang='lat' dir='ltr'>dis-</span> <span class='ocrx_word' id='word_1_75' title='bbox 916 1306 947 1357; x_wconf 89' lang='lat' dir='ltr'>ltt</span> 
     </span>
     <span class='ocr_line' id='line_1_12' title="bbox 118 1376 901 1468; baseline 0 -21"><span class='ocrx_word' id='word_1_76' title='bbox 118 1408 210 1466; x_wconf 82' lang='lat' dir='ltr'>peres,</span> <span class='ocrx_word' id='word_1_77' title='bbox 233 1376 343 1468; x_wconf 47' lang='lat' dir='ltr'>&#39;genere</span> <span class='ocrx_word' id='word_1_78' title='bbox 369 1390 541 1461; x_wconf 76' lang='lat' dir='ltr'>laudabiles3</span> <span class='ocrx_word' id='word_1_79' title='bbox 575 1409 633 1448; x_wconf 90' lang='lat' dir='ltr'>non</span> <span class='ocrx_word' id='word_1_80' title='bbox 659 1408 743 1467; x_wconf 89' lang='lat' dir='ltr'>posse</span> <span class='ocrx_word' id='word_1_81' title='bbox 769 1409 814 1462; x_wconf 82' lang='lat' dir='ltr'>ee,</span> <span class='ocrx_word' id='word_1_82' title='bbox 838 1407 901 1464; x_wconf 75' lang='lat' dir='ltr'>quie</span> 
     </span>
     <span class='ocr_line' id='line_1_13' title="bbox 120 1483 901 1562; baseline 0 -19"><span class='ocrx_word' id='word_1_83' title='bbox 120 1487 193 1545; x_wconf 89' lang='lat' dir='ltr'>inter</span> <span class='ocrx_word' id='word_1_84' title='bbox 213 1502 244 1543; x_wconf 87' lang='lat' dir='ltr'>se</span> <span class='ocrx_word' id='word_1_85' title='bbox 263 1486 436 1562; x_wconf 82' lang='lat' dir='ltr'>discrepent,</span> <span class='ocrx_word' id='word_1_86' title='bbox 457 1486 559 1544; x_wconf 88' lang='lat' dir='ltr'>iisdem</span> <span class='ocrx_word' id='word_1_87' title='bbox 584 1485 744 1562; x_wconf 74' lang='lat' dir='ltr'>preceptis,</span> <span class='ocrx_word' id='word_1_88' title='bbox 767 1495 851 1560; x_wconf 84' lang='lat' dir='ltr'>etque</span> <span class='ocrx_word' id='word_1_89' title='bbox 870 1483 901 1543; x_wconf 88' lang='lat' dir='ltr'>in</span> 
     </span>
     <span class='ocr_line' id='line_1_14' title="bbox 120 1581 900 1653; baseline -0.001 -14"><span class='ocrx_word' id='word_1_90' title='bbox 120 1583 179 1640; x_wconf 79' lang='lat' dir='ltr'>und</span> <span class='ocrx_word' id='word_1_91' title='bbox 199 1581 387 1653; x_wconf 88' lang='lat' dir='ltr'>institutione,</span> <span class='ocrx_word' id='word_1_92' title='bbox 407 1581 532 1639; x_wconf 84' lang='lat' dir='ltr'>formeri.</span> <span class='ocrx_word' id='word_1_93' title='bbox 584 1581 675 1644; x_wconf 80' lang='lat' dir='ltr'>Quod</span> <span class='ocrx_word' id='word_1_94' title='bbox 701 1599 760 1639; x_wconf 90' lang='lat' dir='ltr'>non</span> <span class='ocrx_word' id='word_1_95' title='bbox 781 1591 825 1639; x_wconf 88' lang='lat' dir='ltr'>est</span> <span class='ocrx_word' id='word_1_96' title='bbox 844 1581 900 1639; x_wconf 81' lang='lat' dir='ltr'>ite:</span> 
     </span>
     <span class='ocr_line' id='line_1_15' title="bbox 121 1676 901 1756; baseline 0 -21"><span class='ocrx_word' id='word_1_97' title='bbox 121 1677 392 1756; x_wconf 75' lang='lat' dir='ltr'>diligentissimeque</span> <span class='ocrx_word' id='word_1_98' title='bbox 411 1676 468 1737; x_wconf 86' lang='lat' dir='ltr'>hoe</span> <span class='ocrx_word' id='word_1_99' title='bbox 487 1688 530 1735; x_wconf 90' lang='lat' dir='ltr'>est</span> <span class='ocrx_word' id='word_1_100' title='bbox 550 1677 602 1750; x_wconf 88' lang='lat' dir='ltr'>eis,</span> <span class='ocrx_word' id='word_1_101' title='bbox 616 1678 665 1754; x_wconf 88' lang='lat' dir='ltr'>qui</span> <span class='ocrx_word' id='word_1_102' title='bbox 686 1677 838 1736; x_wconf 72' lang='lat' dir='ltr'>instituunt</span> <span class='ocrx_word' id='word_1_103' title='bbox 851 1677 901 1736; x_wconf 81' lang='lat' dir='ltr'>nli·</span> 
     </span>
     <span class='ocr_line' id='line_1_16' title="bbox 121 1775 946 1852; baseline 0.006 -19"><span class='ocrx_word' id='word_1_104' title='bbox 121 1791 201 1852; x_wconf 88' lang='lat' dir='ltr'>quos,</span> <span class='ocrx_word' id='word_1_105' title='bbox 217 1786 300 1851; x_wconf 80' lang='lat' dir='ltr'>etque</span> <span class='ocrx_word' id='word_1_106' title='bbox 319 1775 463 1847; x_wconf 88' lang='lat' dir='ltr'>erudiunt,</span> <span class='ocrx_word' id='word_1_107' title='bbox 483 1775 647 1850; x_wconf 88' lang='lat' dir='ltr'>videndum,</span> <span class='ocrx_word' id='word_1_108' title='bbox 661 1794 719 1852; x_wconf 87' lang='lat' dir='ltr'>quo</span> <span class='ocrx_word' id='word_1_109' title='bbox 737 1794 790 1834; x_wconf 84' lang='lat' dir='ltr'>sue</span> <span class='ocrx_word' id='word_1_110' title='bbox 804 1793 900 1852; x_wconf 87' lang='lat' dir='ltr'>quem·</span> <span class='ocrx_word' id='word_1_111' title='bbox 915 1787 946 1838; x_wconf 76' lang='lat'>15</span> 
     </span>
     <span class='ocr_line' id='line_1_17' title="bbox 120 1871 901 1948; baseline 0.003 -19"><span class='ocrx_word' id='word_1_112' title='bbox 120 1889 175 1948; x_wconf 88' lang='lat' dir='ltr'>que</span> <span class='ocrx_word' id='word_1_113' title='bbox 188 1882 289 1930; x_wconf 76' lang='lat' dir='ltr'>notura</span> <span class='ocrx_word' id='word_1_114' title='bbox 302 1871 424 1930; x_wconf 80' lang='lat' dir='ltr'>maxime</span> <span class='ocrx_word' id='word_1_115' title='bbox 437 1871 510 1930; x_wconf 85' lang='lat' dir='ltr'>ferre</span> <span class='ocrx_word' id='word_1_116' title='bbox 520 1871 658 1930; x_wconf 81' lang='lat' dir='ltr'>videatur.</span> <span class='ocrx_word' id='word_1_117' title='bbox 699 1871 813 1930; x_wconf 88' lang='lat' dir='ltr'>Etenim</span> <span class='ocrx_word' id='word_1_118' title='bbox 825 1872 901 1931; x_wconf 88' lang='lat' dir='ltr'>vide-</span> 
     </span>
     <span class='ocr_line' id='line_1_18' title="bbox 120 1967 900 2044; baseline 0 -18"><span class='ocrx_word' id='word_1_119' title='bbox 120 1984 192 2040; x_wconf 85' lang='lat' dir='ltr'>mus,</span> <span class='ocrx_word' id='word_1_120' title='bbox 215 1985 257 2026; x_wconf 84' lang='lat' dir='ltr'>ex·</span> <span class='ocrx_word' id='word_1_121' title='bbox 274 1967 372 2027; x_wconf 87' lang='lat' dir='ltr'>eodem</span> <span class='ocrx_word' id='word_1_122' title='bbox 399 1969 480 2044; x_wconf 80' lang='lat' dir='ltr'>quasi</span> <span class='ocrx_word' id='word_1_123' title='bbox 503 1967 573 2026; x_wconf 91' lang='lat' dir='ltr'>ludo</span> <span class='ocrx_word' id='word_1_124' title='bbox 595 1986 769 2027; x_wconf 83' lang='lat' dir='ltr'>summorum</span> <span class='ocrx_word' id='word_1_125' title='bbox 792 1969 823 2027; x_wconf 89' lang='lat' dir='ltr'>in</span> <span class='ocrx_word' id='word_1_126' title='bbox 846 1988 900 2027; x_wconf 91' lang='lat' dir='ltr'>sno</span> 
     </span>
     <span class='ocr_line' id='line_1_19' title="bbox 120 2064 902 2142; baseline 0 -20"><span class='ocrx_word' id='word_1_127' title='bbox 120 2065 257 2141; x_wconf 86' lang='lat' dir='ltr'>eujusque</span> <span class='ocrx_word' id='word_1_128' title='bbox 270 2083 375 2142; x_wconf 88' lang='lat' dir='ltr'>genere</span> <span class='ocrx_word' id='word_1_129' title='bbox 394 2065 532 2124; x_wconf 79' lang='lat' dir='ltr'>artifienm</span> <span class='ocrx_word' id='word_1_130' title='bbox 546 2074 577 2122; x_wconf 88' lang='lat' dir='ltr'>et</span> <span class='ocrx_word' id='word_1_131' title='bbox 588 2065 787 2142; x_wconf 77' lang='lat' dir='ltr'>magistrorum</span> <span class='ocrx_word' id='word_1_132' title='bbox 807 2064 902 2123; x_wconf 75' lang='lat' dir='ltr'>exisse</span> 
     </span>
     <span class='ocr_line' id='line_1_20' title="bbox 120 2160 901 2236; baseline 0 -18"><span class='ocrx_word' id='word_1_133' title='bbox 120 2160 284 2236; x_wconf 80' lang='lat' dir='ltr'>discipulos,</span> <span class='ocrx_word' id='word_1_134' title='bbox 297 2161 455 2218; x_wconf 44' lang='lat' dir='ltr'>&#39;dissimiles</span> <span class='ocrx_word' id='word_1_135' title='bbox 478 2161 552 2218; x_wconf 89' lang='lat' dir='ltr'>inter</span> <span class='ocrx_word' id='word_1_136' title='bbox 572 2179 613 2232; x_wconf 87' lang='lat' dir='ltr'>se,</span> <span class='ocrx_word' id='word_1_137' title='bbox 633 2170 758 2218; x_wconf 73' lang='lat' dir='ltr'>ettamen</span> <span class='ocrx_word' id='word_1_138' title='bbox 784 2160 901 2218; x_wconf 83' lang='lat' dir='ltr'>laudan·</span> 
     </span>
     <span class='ocr_line' id='line_1_21' title="bbox 121 2255 945 2332; baseline 0.006 -19"><span class='ocrx_word' id='word_1_139' title='bbox 121 2257 189 2326; x_wconf 85' lang='lat' dir='ltr'>dos3</span> <span class='ocrx_word' id='word_1_140' title='bbox 214 2273 280 2313; x_wconf 87' lang='lat' dir='ltr'>oum</span> <span class='ocrx_word' id='word_1_141' title='bbox 301 2256 336 2314; x_wconf 81' lang='lat' dir='ltr'>ed</span> <span class='ocrx_word' id='word_1_142' title='bbox 359 2255 495 2332; x_wconf 77' lang='lat' dir='ltr'>cujusque</span> <span class='ocrx_word' id='word_1_143' title='bbox 517 2266 648 2314; x_wconf 80' lang='lat' dir='ltr'>notorem</span> <span class='ocrx_word' id='word_1_144' title='bbox 671 2255 811 2314; x_wconf 87' lang='lat' dir='ltr'>institutio</span> <span class='ocrx_word' id='word_1_145' title='bbox 834 2255 945 2318; x_wconf 77' lang='lat' dir='ltr'>doc-eo</span> 
     </span>
     <span class='ocr_line' id='line_1_22' title="bbox 121 2349 899 2429; baseline 0 -18"><span class='ocrx_word' id='word_1_146' title='bbox 121 2352 189 2412; x_wconf 87' lang='lat' dir='ltr'>toris</span> <span class='ocrx_word' id='word_1_147' title='bbox 210 2349 480 2410; x_wconf 81' lang='lat' dir='ltr'>eonominodsretur.</span> <span class='ocrx_word' id='word_1_148' title='bbox 534 2351 624 2429; x_wconf 85' lang='lat' dir='ltr'>Cujus</span> <span class='ocrx_word' id='word_1_149' title='bbox 645 2362 688 2410; x_wconf 89' lang='lat' dir='ltr'>est</span> <span class='ocrx_word' id='word_1_150' title='bbox 710 2352 753 2409; x_wconf 87' lang='lat' dir='ltr'>vel</span> <span class='ocrx_word' id='word_1_151' title='bbox 777 2353 899 2412; x_wconf 79' lang='lat' dir='ltr'>maxime</span> 
     </span>
     <span class='ocr_line' id='line_1_23' title="bbox 122 2445 899 2526; baseline 0.003 -20"><span class='ocrx_word' id='word_1_152' title='bbox 122 2445 233 2526; x_wconf 85' lang='lat' dir='ltr'>insigne</span> <span class='ocrx_word' id='word_1_153' title='bbox 253 2447 323 2506; x_wconf 91' lang='lat' dir='ltr'>illud</span> <span class='ocrx_word' id='word_1_154' title='bbox 343 2447 502 2523; x_wconf 80' lang='lat' dir='ltr'>exemplum</span> <span class='ocrx_word' id='word_1_155' title='bbox 519 2447 565 2525; x_wconf 90' lang='lat' dir='ltr'>(ut</span> <span class='ocrx_word' id='word_1_156' title='bbox 577 2459 688 2506; x_wconf 78' lang='lat' dir='ltr'>eeteros</span> <span class='ocrx_word' id='word_1_157' title='bbox 701 2459 775 2506; x_wconf 84' lang='lat' dir='ltr'>ortes</span> <span class='ocrx_word' id='word_1_158' title='bbox 788 2449 899 2508; x_wconf 85' lang='lat' dir='ltr'>omitte·</span> 
     </span>
     <span class='ocr_line' id='line_1_24' title="bbox 121 2543 896 2624; baseline 0.001 -22"><span class='ocrx_word' id='word_1_159' title='bbox 121 2546 208 2624; x_wconf 91' lang='lat' dir='ltr'>rnos),</span> <span class='ocrx_word' id='word_1_160' title='bbox 223 2544 298 2621; x_wconf 92' lang='lat' dir='ltr'>quod</span> <span class='ocrx_word' id='word_1_161' title='bbox 317 2543 431 2601; x_wconf 82' lang='lat' dir='ltr'>dieebet</span> <span class='ocrx_word' id='word_1_162' title='bbox 450 2543 601 2616; x_wconf 82' lang='lat' dir='ltr'>Isocrates,</span> <span class='ocrx_word' id='word_1_163' title='bbox 616 2544 716 2603; x_wconf 86' lang='lat' dir='ltr'>dootor</span> <span class='ocrx_word' id='word_1_164' title='bbox 736 2545 896 2624; x_wconf 80' lang='lat' dir='ltr'>singularis,</span> 
     </span>
     <span class='ocr_line' id='line_1_25' title="bbox 122 2638 899 2716; baseline -0.001 -17"><span class='ocrx_word' id='word_1_165' title='bbox 122 2659 152 2698; x_wconf 83' lang='lat' dir='ltr'>se</span> <span class='ocrx_word' id='word_1_166' title='bbox 165 2640 333 2699; x_wconf 55' lang='lat' dir='ltr'>ealoeribus*</span> <span class='ocrx_word' id='word_1_167' title='bbox 344 2639 374 2697; x_wconf 87' lang='lat' dir='ltr'>in</span> <span class='ocrx_word' id='word_1_168' title='bbox 393 2638 520 2716; x_wconf 86' lang='lat' dir='ltr'>Ephoro,</span> <span class='ocrx_word' id='word_1_169' title='bbox 535 2650 636 2698; x_wconf 85' lang='lat' dir='ltr'>oontre</span> <span class='ocrx_word' id='word_1_170' title='bbox 651 2651 747 2698; x_wconf 83' lang='lat' dir='ltr'>autern</span> <span class='ocrx_word' id='word_1_171' title='bbox 760 2641 790 2698; x_wconf 92' lang='lat' dir='ltr'>in</span> <span class='ocrx_word' id='word_1_172' title='bbox 802 2640 899 2698; x_wconf 89' lang='lat' dir='ltr'>Theo·</span> 
     </span>
     <span class='ocr_line' id='line_1_26' title="bbox 121 2735 943 2813; baseline -0.002 -19"><span class='ocrx_word' id='word_1_173' title='bbox 121 2754 225 2813; x_wconf 88' lang='lat' dir='ltr'>pompe</span> <span class='ocrx_word' id='word_1_174' title='bbox 245 2735 342 2807; x_wconf 85' lang='lat' dir='ltr'>frenis,</span> <span class='ocrx_word' id='word_1_175' title='bbox 362 2735 404 2794; x_wconf 88' lang='lat' dir='ltr'>uti</span> <span class='ocrx_word' id='word_1_176' title='bbox 424 2735 531 2794; x_wconf 88' lang='lat' dir='ltr'>solere:</span> <span class='ocrx_word' id='word_1_177' title='bbox 560 2736 677 2794; x_wconf 73' lang='lat' dir='ltr'>alterum</span> <span class='ocrx_word' id='word_1_178' title='bbox 698 2736 785 2806; x_wconf 83' lang='lat' dir='ltr'>enirn,</span> <span class='ocrx_word' id='word_1_179' title='bbox 805 2736 943 2799; x_wconf 70' lang='lat' dir='ltr'>exsul-nn</span> 
     </span>
     <span class='ocr_line' id='line_1_27' title="bbox 122 2832 940 2907; baseline -0.002 -16"><span class='ocrx_word' id='word_1_180' title='bbox 122 2843 229 2891; x_wconf 84' lang='lat' dir='ltr'>tentem</span> <span class='ocrx_word' id='word_1_181' title='bbox 248 2833 397 2892; x_wconf 85' lang='lat' dir='ltr'>verborum</span> <span class='ocrx_word' id='word_1_182' title='bbox 418 2832 549 2904; x_wconf 76' lang='lat' dir='ltr'>eudeeid,</span> <span class='ocrx_word' id='word_1_183' title='bbox 569 2832 749 2907; x_wconf 84' lang='lat' dir='ltr'>reprimebat,</span> <span class='ocrx_word' id='word_1_184' title='bbox 771 2833 899 2905; x_wconf 82' lang='lat' dir='ltr'>alterurn,</span> <span class='ocrx_word' id='word_1_185' title='bbox 937 2903 940 2907; x_wconf 10' lang='grc' dir='ltr'><strong><em>ἵ</em></strong></span> 
     </span>
    </p>
   </div>
   <div class='ocr_carea' id='block_1_4' title="bbox 34 2927 899 3005">
    <p class='ocr_par' dir='ltr' id='par_1_4' title="bbox 34 2927 899 3005">
     <span class='ocr_line' id='line_1_28' title="bbox 34 2927 899 3005; baseline -0.001 -18"><span class='ocrx_word' id='word_1_186' title='bbox 34 2969 37 2976; x_wconf 78' lang='lat'><em>·</em></span> <span class='ocrx_word' id='word_1_187' title='bbox 122 2940 305 2988; x_wconf 83' lang='lat' dir='ltr'>eunotentern</span> <span class='ocrx_word' id='word_1_188' title='bbox 326 2939 354 2987; x_wconf 85' lang='lat' dir='ltr'>et</span> <span class='ocrx_word' id='word_1_189' title='bbox 377 2929 457 3005; x_wconf 84' lang='lat' dir='ltr'>qussi</span> <span class='ocrx_word' id='word_1_190' title='bbox 483 2927 899 2999; x_wconf 76' lang='lat' dir='ltr'>verecundantem,-inoitebet.</span> 
     </span>
    </p>
   </div>
   <div class='ocr_carea' id='block_1_5' title="bbox 44 3008 900 3179">
    <p class='ocr_par' dir='ltr' id='par_1_5' title="bbox 44 3008 900 3179">
     <span class='ocr_line' id='line_1_29' title="bbox 44 3008 900 3102; baseline -0.004 -18"><span class='ocrx_word' id='word_1_191' title='bbox 44 3008 54 3029; x_wconf 79' lang='lat'><em>⁰</em></span> <span class='ocrx_word' id='word_1_192' title='bbox 122 3025 226 3102; x_wconf 90' lang='lat' dir='ltr'>Neque</span> <span class='ocrx_word' id='word_1_193' title='bbox 245 3041 295 3082; x_wconf 88' lang='lat' dir='ltr'>eos</span> <span class='ocrx_word' id='word_1_194' title='bbox 315 3025 421 3084; x_wconf 86' lang='lat' dir='ltr'>similes</span> <span class='ocrx_word' id='word_1_195' title='bbox 441 3025 537 3084; x_wconf 83' lang='lat' dir='ltr'>effecit</span> <span class='ocrx_word' id='word_1_196' title='bbox 556 3024 629 3084; x_wconf 87' lang='lat' dir='ltr'>inter</span> <span class='ocrx_word' id='word_1_197' title='bbox 648 3044 689 3097; x_wconf 85' lang='lat' dir='ltr'>ss,</span> <span class='ocrx_word' id='word_1_198' title='bbox 713 3024 763 3084; x_wconf 86' lang='lat' dir='ltr'>sed</span> <span class='ocrx_word' id='word_1_199' title='bbox 790 3036 900 3084; x_wconf 83' lang='lat' dir='ltr'>tentum</span> 
     </span>
     <span class='ocr_line' id='line_1_30' title="bbox 200 3121 448 3179; baseline -0.008 -1"><span class='ocrx_word' id='word_1_200' title='bbox 200 3137 263 3179; x_wconf 83' lang='lat' dir='ltr'>von.</span> <span class='ocrx_word' id='word_1_201' title='bbox 278 3137 309 3178; x_wconf 88' lang='lat' dir='ltr'>rr.</span> <span class='ocrx_word' id='word_1_202' title='bbox 427 3121 448 3176; x_wconf 85' lang='grc'>9</span> 
     </span>
    </p>
   </div>
   <div class='ocr_carea' id='block_1_6' title="bbox 0 0 1091 3525">
    <p class='ocr_par' dir='ltr' id='par_1_6' title="bbox 0 0 1091 3525">
     <span class='ocr_line' id='line_1_31' title="bbox 0 0 1091 3525; baseline 0 0"><span class='ocrx_word' id='word_1_203' title='bbox 0 0 1091 3525; x_wconf 95' lang='lat' dir='ltr'> </span> 
     </span>
    </p>
   </div>
  </div>
 </body>
</html>
