<?xml version="1.0" encoding="UTF-8"?>
<!DOCTYPE html PUBLIC "-//W3C//DTD XHTML 1.0 Transitional//EN"
    "http://www.w3.org/TR/xhtml1/DTD/xhtml1-transitional.dtd">
<html xmlns="http://www.w3.org/1999/xhtml" xml:lang="en" lang="en">
 <head>
  <title>
</title>
<meta http-equiv="Content-Type" content="text/html;charset=utf-8" />
  <meta name='ocr-system' content='tesseract 3.04.00' />
  <meta name='ocr-capabilities' content='ocr_page ocr_carea ocr_par ocr_line ocrx_word'/>
</head>
<body>
  <div class='ocr_page' id='page_1' title='image "./mtciceronisadqu03dillgoog_0090.png"; bbox 0 0 2167 3525; ppageno 0'>
   <div class='ocr_carea' id='block_1_1' title="bbox 144 236 981 306">
    <p class='ocr_par' dir='ltr' id='par_1_1' title="bbox 144 236 981 306">
     <span class='ocr_line' id='line_1_1' title="bbox 144 236 981 306; baseline -0.007 -9"><span class='ocrx_word' id='word_1_1' title='bbox 144 236 187 297; x_wconf 72' lang='lat' dir='ltr'><strong><em>u</em></strong></span> <span class='ocrx_word' id='word_1_2' title='bbox 468 238 511 294; x_wconf 82' lang='lat' dir='ltr'><strong>ns</strong></span> <span class='ocrx_word' id='word_1_3' title='bbox 534 242 697 295; x_wconf 69' lang='lat' dir='ltr'><strong>carrona</strong></span> <span class='ocrx_word' id='word_1_4' title='bbox 881 240 981 306; x_wconf 78' lang='lat' dir='ltr'><strong>[nur.</strong></span> 
     </span>
    </p>
   </div>
   <div class='ocr_carea' id='block_1_2' title="bbox 149 394 981 2985">
    <p class='ocr_par' dir='ltr' id='par_1_2' title="bbox 149 394 981 2985">
     <span class='ocr_line' id='line_1_2' title="bbox 193 394 981 473; baseline -0.001 -21"><span class='ocrx_word' id='word_1_5' title='bbox 193 394 239 453; x_wconf 92' lang='lat' dir='ltr'><strong>Ibi</strong></span> <span class='ocrx_word' id='word_1_6' title='bbox 253 412 318 453; x_wconf 88' lang='lat' dir='ltr'><strong>cum</strong></span> <span class='ocrx_word' id='word_1_7' title='bbox 333 394 444 454; x_wconf 88' lang='lat' dir='ltr'><strong>Drusus</strong></span> <span class='ocrx_word' id='word_1_8' title='bbox 457 394 548 455; x_wconf 87' lang='lat' dir='ltr'><strong>multa</strong></span> <span class='ocrx_word' id='word_1_9' title='bbox 559 395 596 453; x_wconf 89' lang='lat' dir='ltr'><strong>de</strong></span> <span class='ocrx_word' id='word_1_10' title='bbox 608 394 743 473; x_wconf 89' lang='lat' dir='ltr'><strong>Pbilippo</strong></span> <span class='ocrx_word' id='word_1_11' title='bbox 761 404 878 472; x_wconf 86' lang='lat' dir='ltr'><strong>questus</strong></span> <span class='ocrx_word' id='word_1_12' title='bbox 890 404 981 465; x_wconf 85' lang='lat' dir='ltr'><strong>esset,</strong></span> 
     </span>
     <span class='ocr_line' id='line_1_3' title="bbox 193 490 981 568; baseline -0.003 -18"><span class='ocrx_word' id='word_1_13' title='bbox 193 490 289 550; x_wconf 89' lang='lat' dir='ltr'><strong>retulit</strong></span> <span class='ocrx_word' id='word_1_14' title='bbox 310 492 345 551; x_wconf 88' lang='lat' dir='ltr'><strong>ad</strong></span> <span class='ocrx_word' id='word_1_15' title='bbox 365 502 495 551; x_wconf 85' lang='lat' dir='ltr'><strong>senatum</strong></span> <span class='ocrx_word' id='word_1_16' title='bbox 516 493 553 550; x_wconf 90' lang='lat' dir='ltr'><strong>de</strong></span> <span class='ocrx_word' id='word_1_17' title='bbox 572 492 622 550; x_wconf 85' lang='lat' dir='ltr'><strong>illo</strong></span> <span class='ocrx_word' id='word_1_18' title='bbox 642 491 713 568; x_wconf 83' lang='lat' dir='ltr'><strong>ipso,</strong></span> <span class='ocrx_word' id='word_1_19' title='bbox 727 493 804 568; x_wconf 91' lang='lat' dir='ltr'><strong>quod</strong></span> <span class='ocrx_word' id='word_1_20' title='bbox 824 490 926 550; x_wconf 88' lang='lat' dir='ltr'><strong>consul</strong></span> <span class='ocrx_word' id='word_1_21' title='bbox 947 490 981 548; x_wconf 92' lang='lat' dir='ltr'><strong>in</strong></span> 
     </span>
     <span class='ocr_line' id='line_1_4' title="bbox 193 588 981 667; baseline 0 -22"><span class='ocrx_word' id='word_1_22' title='bbox 193 606 259 646; x_wconf 88' lang='lat' dir='ltr'><strong>eum</strong></span> <span class='ocrx_word' id='word_1_23' title='bbox 286 588 417 651; x_wconf 81' lang='lat' dir='ltr'><strong>ordinem</strong></span> <span class='ocrx_word' id='word_1_24' title='bbox 442 599 500 649; x_wconf 77' lang='lat' dir='ltr'><strong>tarn</strong></span> <span class='ocrx_word' id='word_1_25' title='bbox 526 588 650 667; x_wconf 77' lang='lat' dir='ltr'><strong>greviter</strong></span> <span class='ocrx_word' id='word_1_26' title='bbox 676 588 707 649; x_wconf 86' lang='lat' dir='ltr'><strong>in</strong></span> <span class='ocrx_word' id='word_1_27' title='bbox 732 588 876 649; x_wconf 74' lang='lat' dir='ltr'><strong>concione</strong></span> <span class='ocrx_word' id='word_1_28' title='bbox 901 598 981 645; x_wconf 87' lang='lat' dir='ltr'><strong>esset</strong></span> 
     </span>
     <span class='ocr_line' id='line_1_5' title="bbox 193 684 981 763; baseline 0.001 -21"><span class='ocrx_word' id='word_1_29' title='bbox 193 684 331 744; x_wconf 81' lang='lat' dir='ltr'><strong>invectus.</strong></span> <span class='ocrx_word' id='word_1_30' title='bbox 381 684 450 760; x_wconf 85' lang='lat' dir='ltr'><strong>Hic,</strong></span> <span class='ocrx_word' id='word_1_31' title='bbox 470 696 502 744; x_wconf 90' lang='lat' dir='ltr'><strong>ut</strong></span> <span class='ocrx_word' id='word_1_32' title='bbox 521 704 596 763; x_wconf 73' lang='lat' dir='ltr'><strong>saepe</strong></span> <span class='ocrx_word' id='word_1_33' title='bbox 622 685 696 744; x_wconf 87' lang='lat' dir='ltr'><strong>inter</strong></span> <span class='ocrx_word' id='word_1_34' title='bbox 716 685 847 743; x_wconf 83' lang='lat' dir='ltr'><strong>homiues</strong></span> <span class='ocrx_word' id='word_1_35' title='bbox 866 684 981 761; x_wconf 84' lang='lat' dir='ltr'><strong>sapien·</strong></span> 
     </span>
     <span class='ocr_line' id='line_1_6' title="bbox 162 781 979 859; baseline 0.001 -20"><span class='ocrx_word' id='word_1_36' title='bbox 162 781 317 841; x_wconf 57' lang='lat' dir='ltr'><strong>tutissimos</strong></span> <span class='ocrx_word' id='word_1_37' title='bbox 342 792 474 841; x_wconf 79' lang='lat' dir='ltr'><strong>constare</strong></span> <span class='ocrx_word' id='word_1_38' title='bbox 500 782 568 855; x_wconf 82' lang='lat' dir='ltr'><strong>vidi,</strong></span> <span class='ocrx_word' id='word_1_39' title='bbox 589 800 750 859; x_wconf 81' lang='lat' dir='ltr'><strong>quenquam</strong></span> <span class='ocrx_word' id='word_1_40' title='bbox 777 783 833 841; x_wconf 91' lang='lat' dir='ltr'><strong>hoc</strong></span> <span class='ocrx_word' id='word_1_41' title='bbox 860 782 979 854; x_wconf 83' lang='lat' dir='ltr'><strong>Crasso,</strong></span> 
     </span>
     <span class='ocr_line' id='line_1_7' title="bbox 193 878 981 956; baseline 0 -19"><span class='ocrx_word' id='word_1_42' title='bbox 193 897 261 937; x_wconf 87' lang='lat' dir='ltr'><strong>cum</strong></span> <span class='ocrx_word' id='word_1_43' title='bbox 288 878 394 955; x_wconf 83' lang='lat' dir='ltr'><strong>aliquid</strong></span> <span class='ocrx_word' id='word_1_44' title='bbox 426 879 589 938; x_wconf 72' lang='lat' dir='ltr'><strong>accuratius</strong></span> <span class='ocrx_word' id='word_1_45' title='bbox 620 879 746 952; x_wconf 77' lang='lat' dir='ltr'>dixisset,</span> <span class='ocrx_word' id='word_1_46' title='bbox 772 898 883 956; x_wconf 86' lang='lat' dir='ltr'><strong>semper</strong></span> <span class='ocrx_word' id='word_1_47' title='bbox 918 878 981 937; x_wconf 85' lang='lat' dir='ltr'><strong>sere</strong></span> 
     </span>
     <span class='ocr_line' id='line_1_8' title="bbox 194 975 979 1053; baseline 0 -20"><span class='ocrx_word' id='word_1_48' title='bbox 194 976 371 1053; x_wconf 81' lang='lat' dir='ltr'><strong>contigisset,</strong></span> <span class='ocrx_word' id='word_1_49' title='bbox 382 986 414 1034; x_wconf 90' lang='lat' dir='ltr'><strong>ut</strong></span> <span class='ocrx_word' id='word_1_50' title='bbox 427 990 573 1051; x_wconf 83' lang='lat' dir='ltr'><strong>nunquam</strong></span> <span class='ocrx_word' id='word_1_51' title='bbox 585 975 692 1035; x_wconf 70' lang='lat' dir='ltr'><strong>dixisse</strong></span> <span class='ocrx_word' id='word_1_52' title='bbox 705 975 807 1035; x_wconf 88' lang='lat' dir='ltr'><strong>melius</strong></span> <span class='ocrx_word' id='word_1_53' title='bbox 818 985 979 1052; x_wconf 80' lang='lat' dir='ltr'><strong>putaretur,</strong></span> 
     </span>
     <span class='ocr_line' id='line_1_9' title="bbox 193 1070 980 1149; baseline 0.001 -21"><span class='ocrx_word' id='word_1_54' title='bbox 193 1080 289 1129; x_wconf 85' lang='lat' dir='ltr'><strong>tamen</strong></span> <span class='ocrx_word' id='word_1_55' title='bbox 307 1070 435 1129; x_wconf 88' lang='lat' dir='ltr'><strong>omnium</strong></span> <span class='ocrx_word' id='word_1_56' title='bbox 456 1089 599 1129; x_wconf 89' lang='lat' dir='ltr'><strong>consensu</strong></span> <span class='ocrx_word' id='word_1_57' title='bbox 612 1071 656 1130; x_wconf 85' lang='lat' dir='ltr'><strong>sic</strong></span> <span class='ocrx_word' id='word_1_58' title='bbox 668 1090 732 1129; x_wconf 88' lang='lat' dir='ltr'><strong>esse</strong></span> <span class='ocrx_word' id='word_1_59' title='bbox 744 1081 805 1129; x_wconf 90' lang='lat' dir='ltr'><strong>tum</strong></span> <span class='ocrx_word' id='word_1_60' title='bbox 815 1071 980 1149; x_wconf 85' lang='lat' dir='ltr'><strong>judicatum</strong></span> 
     </span>
     <span class='ocr_line' id='line_1_10' title="bbox 195 1166 979 1245; baseline 0.003 -21"><span class='ocrx_word' id='word_1_61' title='bbox 195 1166 301 1241; x_wconf 84' lang='lat' dir='ltr'><strong>audiri,</strong></span> <span class='ocrx_word' id='word_1_62' title='bbox 328 1178 441 1227; x_wconf 87' lang='lat' dir='ltr'><strong>ceteros</strong></span> <span class='ocrx_word' id='word_1_63' title='bbox 466 1184 484 1227; x_wconf 77' lang='lat' dir='ltr'><strong>a</strong></span> <span class='ocrx_word' id='word_1_64' title='bbox 509 1168 620 1231; x_wconf 74' lang='lat' dir='ltr'><strong>Grusso¹</strong></span> <span class='ocrx_word' id='word_1_65' title='bbox 647 1184 758 1245; x_wconf 86' lang='lat' dir='ltr'><strong>semper</strong></span> <span class='ocrx_word' id='word_1_66' title='bbox 790 1186 900 1241; x_wconf 84' lang='lat' dir='ltr'><strong>omnes,</strong></span> <span class='ocrx_word' id='word_1_67' title='bbox 927 1167 979 1226; x_wconf 85' lang='lat' dir='ltr'><strong>illo</strong></span> 
     </span>
     <span class='ocr_line' id='line_1_11' title="bbox 149 1263 980 1342; baseline 0 -20"><span class='ocrx_word' id='word_1_68' title='bbox 149 1276 180 1329; x_wconf 80' lang='grc' dir='ltr'><strong>ιο</strong></span> <span class='ocrx_word' id='word_1_69' title='bbox 195 1274 290 1323; x_wconf 84' lang='lat' dir='ltr'><strong>autem</strong></span> <span class='ocrx_word' id='word_1_70' title='bbox 308 1263 356 1321; x_wconf 87' lang='lat' dir='ltr'><strong>die</strong></span> <span class='ocrx_word' id='word_1_71' title='bbox 376 1264 462 1323; x_wconf 84' lang='lat' dir='ltr'><strong>etiam</strong></span> <span class='ocrx_word' id='word_1_72' title='bbox 482 1265 575 1342; x_wconf 86' lang='lat' dir='ltr'><strong>ipsum</strong></span> <span class='ocrx_word' id='word_1_73' title='bbox 595 1282 613 1323; x_wconf 86' lang='lat' dir='ltr'><strong>a</strong></span> <span class='ocrx_word' id='word_1_74' title='bbox 631 1281 694 1322; x_wconf 85' lang='lat' dir='ltr'><strong>sese</strong></span> <span class='ocrx_word' id='word_1_75' title='bbox 707 1275 878 1342; x_wconf 81' lang='lat' dir='ltr'><strong>superatum.</strong></span> <span class='ocrx_word' id='word_1_76' title='bbox 919 1263 980 1322; x_wconf 85' lang='lat' dir='ltr'><strong>De-</strong></span> 
     </span>
     <span class='ocr_line' id='line_1_12' title="bbox 194 1359 976 1439; baseline 0.001 -21"><span class='ocrx_word' id='word_1_77' title='bbox 194 1360 314 1436; x_wconf 79' lang='lat' dir='ltr'><strong>ploravit</strong></span> <span class='ocrx_word' id='word_1_78' title='bbox 333 1359 410 1419; x_wconf 86' lang='lat' dir='ltr'><strong>eniru</strong></span> <span class='ocrx_word' id='word_1_79' title='bbox 430 1378 528 1419; x_wconf 87' lang='lat' dir='ltr'><strong>casum</strong></span> <span class='ocrx_word' id='word_1_80' title='bbox 556 1372 640 1439; x_wconf 81' lang='lat' dir='ltr'><strong>etque</strong></span> <span class='ocrx_word' id='word_1_81' title='bbox 665 1361 816 1419; x_wconf 77' lang='lat' dir='ltr'><strong>orbitatem</strong></span> <span class='ocrx_word' id='word_1_82' title='bbox 842 1360 976 1419; x_wconf 72' lang='lat' dir='ltr'><strong>senatuis:</strong></span> 
     </span>
     <span class='ocr_line' id='line_1_13' title="bbox 194 1457 978 1535; baseline 0.003 -20"><span class='ocrx_word' id='word_1_83' title='bbox 194 1458 277 1535; x_wconf 85' lang='lat' dir='ltr'><strong>cujus</strong></span> <span class='ocrx_word' id='word_1_84' title='bbox 296 1458 405 1517; x_wconf 76' lang='lat' dir='ltr'><strong>ordinis</strong></span> <span class='ocrx_word' id='word_1_85' title='bbox 419 1476 436 1517; x_wconf 82' lang='lat' dir='ltr'><strong>a</strong></span> <span class='ocrx_word' id='word_1_86' title='bbox 449 1457 578 1531; x_wconf 84' lang='lat' dir='ltr'><strong>consule,</strong></span> <span class='ocrx_word' id='word_1_87' title='bbox 591 1458 642 1535; x_wconf 89' lang='lat' dir='ltr'><strong>qui</strong></span> <span class='ocrx_word' id='word_1_88' title='bbox 661 1458 742 1535; x_wconf 87' lang='lat' dir='ltr'><strong>qussi</strong></span> <span class='ocrx_word' id='word_1_89' title='bbox 761 1477 864 1535; x_wconf 88' lang='lat' dir='ltr'><strong>parens</strong></span> <span class='ocrx_word' id='word_1_90' title='bbox 883 1458 978 1517; x_wconf 91' lang='lat' dir='ltr'><strong>bouus</strong></span> 
     </span>
     <span class='ocr_line' id='line_1_14' title="bbox 195 1552 978 1631; baseline 0 -18"><span class='ocrx_word' id='word_1_91' title='bbox 195 1565 245 1613; x_wconf 81' lang='lat' dir='ltr'><strong>aut</strong></span> <span class='ocrx_word' id='word_1_92' title='bbox 256 1566 333 1613; x_wconf 81' lang='lat' dir='ltr'><strong>tutor</strong></span> <span class='ocrx_word' id='word_1_93' title='bbox 347 1552 440 1614; x_wconf 86' lang='lat' dir='ltr'><strong>tidelis</strong></span> <span class='ocrx_word' id='word_1_94' title='bbox 459 1572 522 1614; x_wconf 85' lang='lat' dir='ltr'><strong>esse</strong></span> <span class='ocrx_word' id='word_1_95' title='bbox 541 1556 669 1631; x_wconf 80' lang='lat' dir='ltr'><strong>deberet,</strong></span> <span class='ocrx_word' id='word_1_96' title='bbox 682 1564 817 1631; x_wconf 76' lang='lat' dir='ltr'><strong>tunquam</strong></span> <span class='ocrx_word' id='word_1_97' title='bbox 831 1554 868 1613; x_wconf 86' lang='lat' dir='ltr'><strong>ab</strong></span> <span class='ocrx_word' id='word_1_98' title='bbox 882 1554 978 1631; x_wconf 82' lang='lat' dir='ltr'><strong>aliquo</strong></span> 
     </span>
     <span class='ocr_line' id='line_1_15' title="bbox 194 1650 979 1729; baseline -0.001 -18"><span class='ocrx_word' id='word_1_99' title='bbox 194 1650 305 1711; x_wconf 81' lang='lat' dir='ltr'><strong>nefario</strong></span> <span class='ocrx_word' id='word_1_100' title='bbox 322 1652 466 1729; x_wconf 78' lang='lat' dir='ltr'><strong>predone,</strong></span> <span class='ocrx_word' id='word_1_101' title='bbox 481 1652 651 1729; x_wconf 84' lang='lat' dir='ltr'><strong>diriperetur</strong></span> <span class='ocrx_word' id='word_1_102' title='bbox 670 1652 872 1729; x_wconf 78' lang='lat' dir='ltr'><strong>patrimonium</strong></span> <span class='ocrx_word' id='word_1_103' title='bbox 884 1650 979 1729; x_wconf 88' lang='lat' dir='ltr'><strong>digni·</strong></span> 
     </span>
     <span class='ocr_line' id='line_1_16' title="bbox 150 1747 978 1824; baseline -0.002 -13"><span class='ocrx_word' id='word_1_104' title='bbox 150 1747 276 1811; x_wconf 71' lang='lat' dir='ltr'><strong>rotatis:</strong></span> <span class='ocrx_word' id='word_1_105' title='bbox 301 1765 480 1824; x_wconf 80' lang='lat' dir='ltr'><strong>sequerere</strong></span> <span class='ocrx_word' id='word_1_106' title='bbox 500 1767 564 1806; x_wconf 86' lang='lat' dir='ltr'><strong>esse</strong></span> <span class='ocrx_word' id='word_1_107' title='bbox 583 1749 753 1822; x_wconf 88' lang='lat' dir='ltr'><strong>mirandum,</strong></span> <span class='ocrx_word' id='word_1_108' title='bbox 774 1748 808 1822; x_wconf 89' lang='lat' dir='ltr'><strong>si,</strong></span> <span class='ocrx_word' id='word_1_109' title='bbox 828 1769 896 1808; x_wconf 86' lang='lat' dir='ltr'><strong>cum</strong></span> <span class='ocrx_word' id='word_1_110' title='bbox 917 1748 978 1809; x_wconf 84' lang='lat' dir='ltr'><strong>suis</strong></span> 
     </span>
     <span class='ocr_line' id='line_1_17' title="bbox 194 1844 978 1923; baseline 0.004 -21"><span class='ocrx_word' id='word_1_111' title='bbox 194 1844 323 1902; x_wconf 85' lang='lat' dir='ltr'><strong>consiliis</strong></span> <span class='ocrx_word' id='word_1_112' title='bbox 358 1844 565 1921; x_wconf 82' lang='lat' dir='ltr'><strong>rempublicam</strong></span> <span class='ocrx_word' id='word_1_113' title='bbox 599 1845 788 1923; x_wconf 74' lang='lat' dir='ltr'><strong>profligbssct,</strong></span> <span class='ocrx_word' id='word_1_114' title='bbox 825 1845 978 1906; x_wconf 87' lang='lat' dir='ltr'><strong>consilium</strong></span> 
     </span>
     <span class='ocr_line' id='line_1_18' title="bbox 194 1940 977 2018; baseline 0.005 -20"><span class='ocrx_word' id='word_1_115' title='bbox 194 1940 309 1999; x_wconf 76' lang='lat' dir='ltr'><strong>senatis</strong></span> <span class='ocrx_word' id='word_1_116' title='bbox 323 1958 340 1999; x_wconf 80' lang='lat' dir='ltr'><strong>a</strong></span> <span class='ocrx_word' id='word_1_117' title='bbox 352 1941 499 2018; x_wconf 76' lang='lat' dir='ltr'><strong>republicb</strong></span> <span class='ocrx_word' id='word_1_118' title='bbox 518 1942 689 2017; x_wconf 79' lang='lat' dir='ltr'><strong>repudiaret.</strong></span> <span class='ocrx_word' id='word_1_119' title='bbox 730 1941 791 2002; x_wconf 77' lang='lat' dir='ltr'><strong>Hic</strong></span> <span class='ocrx_word' id='word_1_120' title='bbox 806 1961 873 2001; x_wconf 86' lang='lat' dir='ltr'><strong>oum</strong></span> <span class='ocrx_word' id='word_1_121' title='bbox 887 1943 977 2018; x_wconf 86' lang='lat' dir='ltr'><strong>bomi-</strong></span> 
     </span>
     <span class='ocr_line' id='line_1_19' title="bbox 194 2037 977 2116; baseline 0.001 -18"><span class='ocrx_word' id='word_1_122' title='bbox 194 2038 225 2098; x_wconf 88' lang='lat' dir='ltr'><strong>ni</strong></span> <span class='ocrx_word' id='word_1_123' title='bbox 238 2048 267 2096; x_wconf 88' lang='lat' dir='ltr'><strong>et</strong></span> <span class='ocrx_word' id='word_1_124' title='bbox 279 2037 440 2096; x_wconf 76' lang='lat' dir='ltr'><strong>vehementi</strong></span> <span class='ocrx_word' id='word_1_125' title='bbox 459 2049 489 2097; x_wconf 86' lang='lat' dir='ltr'><strong>et</strong></span> <span class='ocrx_word' id='word_1_126' title='bbox 508 2039 625 2112; x_wconf 88' lang='lat' dir='ltr'><strong>diserto,</strong></span> <span class='ocrx_word' id='word_1_127' title='bbox 639 2049 669 2097; x_wconf 87' lang='lat' dir='ltr'><strong>et</strong></span> <span class='ocrx_word' id='word_1_128' title='bbox 684 2038 715 2097; x_wconf 91' lang='lat' dir='ltr'><strong>in</strong></span> <span class='ocrx_word' id='word_1_129' title='bbox 733 2039 833 2116; x_wconf 90' lang='lat' dir='ltr'><strong>primis</strong></span> <span class='ocrx_word' id='word_1_130' title='bbox 853 2040 920 2099; x_wconf 77' lang='lat' dir='ltr'><strong>forti</strong></span> <span class='ocrx_word' id='word_1_131' title='bbox 940 2041 977 2099; x_wconf 83' lang='lat' dir='ltr'><strong>ad</strong></span> 
     </span>
     <span class='ocr_line' id='line_1_20' title="bbox 195 2135 976 2214; baseline 0.004 -21"><span class='ocrx_word' id='word_1_132' title='bbox 195 2136 393 2209; x_wconf 85' lang='lat' dir='ltr'><strong>resistendum,</strong></span> <span class='ocrx_word' id='word_1_133' title='bbox 410 2135 554 2214; x_wconf 86' lang='lat' dir='ltr'><strong>Philippo,</strong></span> <span class='ocrx_word' id='word_1_134' title='bbox 569 2136 650 2213; x_wconf 87' lang='lat' dir='ltr'><strong>quasi</strong></span> <span class='ocrx_word' id='word_1_135' title='bbox 669 2138 806 2212; x_wconf 87' lang='lat' dir='ltr'><strong>quasdam</strong></span> <span class='ocrx_word' id='word_1_136' title='bbox 825 2137 976 2196; x_wconf 84' lang='lat' dir='ltr'><strong>verborum</strong></span> 
     </span>
     <span class='ocr_line' id='line_1_21' title="bbox 149 2232 976 2311; baseline 0 -19"><span class='ocrx_word' id='word_1_137' title='bbox 149 2245 180 2298; x_wconf 76' lang='lat'><strong>20</strong></span> <span class='ocrx_word' id='word_1_138' title='bbox 195 2232 273 2292; x_wconf 82' lang='lat' dir='ltr'><strong>faces</strong></span> <span class='ocrx_word' id='word_1_139' title='bbox 305 2233 485 2307; x_wconf 84' lang='lat' dir='ltr'><strong>admovisset,</strong></span> <span class='ocrx_word' id='word_1_140' title='bbox 518 2252 577 2292; x_wconf 89' lang='lat' dir='ltr'><strong>non</strong></span> <span class='ocrx_word' id='word_1_141' title='bbox 609 2233 676 2292; x_wconf 91' lang='lat' dir='ltr'><strong>tulit</strong></span> <span class='ocrx_word' id='word_1_142' title='bbox 707 2232 766 2306; x_wconf 85' lang='lat' dir='ltr'><strong>ille,</strong></span> <span class='ocrx_word' id='word_1_143' title='bbox 791 2244 821 2292; x_wconf 88' lang='lat' dir='ltr'><strong>et</strong></span> <span class='ocrx_word' id='word_1_144' title='bbox 853 2234 976 2311; x_wconf 82' lang='lat' dir='ltr'><strong>graviter</strong></span> 
     </span>
     <span class='ocr_line' id='line_1_22' title="bbox 194 2329 976 2408; baseline 0 -20"><span class='ocrx_word' id='word_1_145' title='bbox 194 2329 309 2401; x_wconf 84' lang='lat' dir='ltr'><strong>exarsit,</strong></span> <span class='ocrx_word' id='word_1_146' title='bbox 327 2329 552 2408; x_wconf 82' lang='lat' dir='ltr'><strong>pignoribusque</strong></span> <span class='ocrx_word' id='word_1_147' title='bbox 572 2329 673 2389; x_wconf 80' lang='lat' dir='ltr'><strong>abistis</strong></span> <span class='ocrx_word' id='word_1_148' title='bbox 694 2330 830 2388; x_wconf 83' lang='lat' dir='ltr'><strong>Crassum</strong></span> <span class='ocrx_word' id='word_1_149' title='bbox 854 2329 976 2388; x_wconf 86' lang='lat' dir='ltr'><strong>instituit</strong></span> 
     </span>
     <span class='ocr_line' id='line_1_23' title="bbox 195 2424 976 2502; baseline 0.003 -18"><span class='ocrx_word' id='word_1_150' title='bbox 195 2429 340 2484; x_wconf 67' lang='lat' dir='ltr'><strong>coercere.</strong></span> <span class='ocrx_word' id='word_1_151' title='bbox 379 2424 450 2487; x_wconf 79' lang='lat' dir='ltr'><strong>Quo</strong></span> <span class='ocrx_word' id='word_1_152' title='bbox 473 2425 588 2500; x_wconf 86' lang='lat' dir='ltr'><strong>quidem</strong></span> <span class='ocrx_word' id='word_1_153' title='bbox 614 2426 676 2502; x_wconf 88' lang='lat' dir='ltr'><strong>ipso</strong></span> <span class='ocrx_word' id='word_1_154' title='bbox 701 2426 732 2484; x_wconf 88' lang='lat' dir='ltr'><strong>iu</strong></span> <span class='ocrx_word' id='word_1_155' title='bbox 759 2426 825 2484; x_wconf 85' lang='lat' dir='ltr'><strong>loco</strong></span> <span class='ocrx_word' id='word_1_156' title='bbox 850 2424 976 2487; x_wconf 80' lang='lat' dir='ltr'><strong>multas</strong></span> 
     </span>
     <span class='ocr_line' id='line_1_24' title="bbox 195 2520 975 2595; baseline 0.003 -15"><span class='ocrx_word' id='word_1_157' title='bbox 195 2521 301 2580; x_wconf 86' lang='lat' dir='ltr'><strong>Crasso</strong></span> <span class='ocrx_word' id='word_1_158' title='bbox 327 2521 462 2579; x_wconf 82' lang='lat' dir='ltr'><strong>divinitus</strong></span> <span class='ocrx_word' id='word_1_159' title='bbox 488 2520 567 2580; x_wconf 85' lang='lat' dir='ltr'><strong>diets</strong></span> <span class='ocrx_word' id='word_1_160' title='bbox 596 2523 794 2595; x_wconf 82' lang='lat' dir='ltr'><strong>efferebantur,</strong></span> <span class='ocrx_word' id='word_1_161' title='bbox 822 2541 888 2582; x_wconf 88' lang='lat' dir='ltr'><strong>cum</strong></span> <span class='ocrx_word' id='word_1_162' title='bbox 920 2523 975 2582; x_wconf 91' lang='lat' dir='ltr'><strong>sibi</strong></span> 
     </span>
     <span class='ocr_line' id='line_1_25' title="bbox 195 2617 975 2698; baseline 0.003 -21"><span class='ocrx_word' id='word_1_163' title='bbox 195 2619 275 2678; x_wconf 86' lang='lat' dir='ltr'><strong>illum</strong></span> <span class='ocrx_word' id='word_1_164' title='bbox 303 2617 450 2676; x_wconf 87' lang='lat' dir='ltr'><strong>consulem</strong></span> <span class='ocrx_word' id='word_1_165' title='bbox 476 2635 539 2676; x_wconf 84' lang='lat' dir='ltr'><strong>esse</strong></span> <span class='ocrx_word' id='word_1_166' title='bbox 558 2631 684 2698; x_wconf 79' lang='lat' dir='ltr'><strong>negaret,</strong></span> <span class='ocrx_word' id='word_1_167' title='bbox 706 2620 754 2678; x_wconf 86' lang='lat' dir='ltr'><strong>cui</strong></span> <span class='ocrx_word' id='word_1_168' title='bbox 774 2631 888 2679; x_wconf 85' lang='lat' dir='ltr'><strong>senator</strong></span> <span class='ocrx_word' id='word_1_169' title='bbox 915 2621 975 2698; x_wconf 88' lang='lat' dir='ltr'><strong>ipse</strong></span> 
     </span>
     <span class='ocr_line' id='line_1_26' title="bbox 149 2715 975 2788; baseline 0.004 -15"><span class='ocrx_word' id='word_1_170' title='bbox 149 2723 181 2773; x_wconf 75' lang='lat'><strong>25</strong></span> <span class='ocrx_word' id='word_1_171' title='bbox 195 2735 251 2776; x_wconf 90' lang='lat' dir='ltr'><strong>uon</strong></span> <span class='ocrx_word' id='word_1_172' title='bbox 271 2726 354 2774; x_wconf 87' lang='lat' dir='ltr'><strong>esset.</strong></span> <span class='ocrx_word' id='word_1_173' title='bbox 395 2721 414 2752; x_wconf 85' lang='lat'><strong>“</strong></span> <span class='ocrx_word' id='word_1_174' title='bbox 423 2715 471 2773; x_wconf 89' lang='lat' dir='ltr'><strong>An</strong></span> <span class='ocrx_word' id='word_1_175' title='bbox 491 2725 532 2788; x_wconf 88' lang='lat' dir='ltr'><strong>tu,</strong></span> <span class='ocrx_word' id='word_1_176' title='bbox 554 2735 620 2774; x_wconf 90' lang='lat' dir='ltr'><strong>cum</strong></span> <span class='ocrx_word' id='word_1_177' title='bbox 640 2735 753 2774; x_wconf 86' lang='lat' dir='ltr'><strong>omnem</strong></span> <span class='ocrx_word' id='word_1_178' title='bbox 778 2718 975 2776; x_wconf 86' lang='lat' dir='ltr'><strong>auctoritatem</strong></span> 
     </span>
     <span class='ocr_line' id='line_1_27' title="bbox 195 2811 974 2890; baseline 0.005 -21"><span class='ocrx_word' id='word_1_179' title='bbox 195 2811 317 2870; x_wconf 84' lang='lat' dir='ltr'><strong>universi</strong></span> <span class='ocrx_word' id='word_1_180' title='bbox 336 2811 446 2870; x_wconf 88' lang='lat' dir='ltr'><strong>ordinis</strong></span> <span class='ocrx_word' id='word_1_181' title='bbox 464 2829 517 2886; x_wconf 90' lang='lat' dir='ltr'><strong>pro</strong></span> <span class='ocrx_word' id='word_1_182' title='bbox 535 2811 656 2890; x_wconf 91' lang='lat' dir='ltr'><strong>pignore</strong></span> <span class='ocrx_word' id='word_1_183' title='bbox 674 2813 793 2888; x_wconf 74' lang='lat' dir='ltr'><strong>potiris,</strong></span> <span class='ocrx_word' id='word_1_184' title='bbox 807 2831 928 2889; x_wconf 82' lang='lat' dir='ltr'><strong>eamque</strong></span> <span class='ocrx_word' id='word_1_185' title='bbox 945 2814 974 2874; x_wconf 88' lang='lat' dir='ltr'><strong>in</strong></span> 
     </span>
     <span class='ocr_line' id='line_1_28' title="bbox 195 2905 975 2985; baseline 0.004 -19"><span class='ocrx_word' id='word_1_186' title='bbox 195 2918 351 2985; x_wconf 88' lang='lat' dir='ltr'><strong>conspectu</strong></span> <span class='ocrx_word' id='word_1_187' title='bbox 376 2905 475 2985; x_wconf 88' lang='lat' dir='ltr'><strong>populi</strong></span> <span class='ocrx_word' id='word_1_188' title='bbox 501 2905 629 2966; x_wconf 83' lang='lat' dir='ltr'><strong>Romani</strong></span> <span class='ocrx_word' id='word_1_189' title='bbox 655 2910 833 2981; x_wconf 82' lang='lat' dir='ltr'><strong>concideris3</strong></span> <span class='ocrx_word' id='word_1_190' title='bbox 864 2929 910 2968; x_wconf 86' lang='lat' dir='ltr'><strong>me</strong></span> <span class='ocrx_word' id='word_1_191' title='bbox 931 2911 975 2969; x_wconf 89' lang='lat' dir='ltr'><strong>bis</strong></span> 
     </span>
    </p>
   </div>
   <div class='ocr_carea' id='block_1_3' title="bbox 148 3004 975 3146">
    <p class='ocr_par' dir='ltr' id='par_1_3' title="bbox 148 3004 975 3146">
     <span class='ocr_line' id='line_1_29' title="bbox 194 3004 975 3084; baseline 0.006 -22"><span class='ocrx_word' id='word_1_192' title='bbox 194 3004 361 3084; x_wconf 90' lang='lat' dir='ltr'><strong>pignoribus</strong></span> <span class='ocrx_word' id='word_1_193' title='bbox 380 3005 526 3064; x_wconf 76' lang='lat' dir='ltr'><strong>existimes</strong></span> <span class='ocrx_word' id='word_1_194' title='bbox 545 3022 629 3081; x_wconf 83' lang='lat' dir='ltr'><strong>posse</strong></span> <span class='ocrx_word' id='word_1_195' title='bbox 648 3007 767 3065; x_wconf 72' lang='lat' dir='ltr'><strong>terreri?</strong></span> <span class='ocrx_word' id='word_1_196' title='bbox 786 3023 844 3066; x_wconf 90' lang='lat' dir='ltr'><strong>non</strong></span> <span class='ocrx_word' id='word_1_197' title='bbox 861 3006 914 3065; x_wconf 90' lang='lat' dir='ltr'><strong>tibi</strong></span> <span class='ocrx_word' id='word_1_198' title='bbox 928 3007 975 3067; x_wconf 78' lang='lat' dir='ltr'><strong>itta</strong></span> 
     </span>
     <span class='ocr_line' id='line_1_30' title="bbox 148 3117 171 3146; baseline -0.174 0"><span class='ocrx_word' id='word_1_199' title='bbox 148 3117 171 3146; x_wconf 59' lang='lat' dir='ltr'><strong>&#39;ir</strong></span> 
     </span>
    </p>
   </div>
   <div class='ocr_carea' id='block_1_4' title="bbox 0 0 1088 3525">
    <p class='ocr_par' dir='ltr' id='par_1_4' title="bbox 0 0 1088 3525">
     <span class='ocr_line' id='line_1_31' title="bbox 0 0 1088 3525; baseline 0 2"><span class='ocrx_word' id='word_1_200' title='bbox 0 0 1088 3525; x_wconf 95' lang='lat' dir='ltr'><strong> </strong></span> 
     </span>
    </p>
   </div>
  </div>
 </body>
</html>
