2167 3525
150 276 206 334 1³6
463 284 506 331 nn
527 284 689 331 omuonn.
876 282 970 341 [nm.

192 434 246 503 ris;
268 433 318 506 illi,
339 432 398 491 nati
419 432 448 489 in
468 431 568 504 literis,
589 432 774 507 ardentesque
793 428 837 487 bis
857 430 970 503 studiis,

192 529 250 587 otio
263 546 329 587 reru
341 527 510 602 diffluentes,
524 547 581 586 non
594 528 677 586 modo
689 527 760 584 nibil
775 526 969 606 acquisierint,

193 624 243 681 sed
268 643 305 681 ne
332 625 464 683 relictum
490 624 605 700 quidem
630 634 659 681 et
683 623 817 681 traditum
837 633 866 680 et
885 640 969 680 suum

194 722 428 789 conservaverint.

163 919 179 967 5
231 910 377 970 XXXIII.
408 913 486 972 Tum
507 914 636 985 Crassus,
650 913 719 970 Non
738 913 769 971 in
789 912 853 985 hac,
867 903 968 989 inquit,

193 1009 260 1080 und,
275 1009 388 1083 Catule,
402 1029 442 1082 re,
457 1011 507 1067 sed
527 1011 558 1067 in
579 1010 641 1068 aliis
659 1011 745 1068 etiam
764 1010 968 1086 compluribus,

194 1103 392 1163 distributione
404 1106 526 1182 partium
548 1125 581 1163 ac
601 1106 778 1180 separatione
799 1104 970 1181 magnitudi-

194 1218 244 1256 nes
264 1210 329 1257 sunt
351 1201 451 1257 artium
478 1202 632 1259 diminute.
683 1202 730 1258 An
757 1211 788 1259 tu
813 1202 967 1272 existimas,

194 1314 260 1354 cum
286 1307 361 1354 esset
393 1296 582 1373 Hippocrates
607 1298 655 1355 ille
681 1297 767 1368 Cous,
796 1297 881 1354 fuisse
908 1307 969 1355 tum

51 1448 52 1451 ,
149 1400 180 1450 10
195 1394 264 1452 ulios
283 1394 410 1452 medicos
429 1394 477 1470 qui
501 1395 615 1467 morbis,
637 1395 707 1452 alios
726 1396 775 1470 qui
794 1394 967 1467 vulneribus,

195 1490 265 1548 alios
284 1490 332 1566 qui
352 1491 452 1562 oculis,
473 1491 672 1549 mederenturl
692 1511 770 1565 num,
784 1492 968 1569 geometriam

195 1584 315 1645 Euclide
334 1597 382 1644 aut
395 1588 578 1659 Archimede,
592 1607 660 1645 num
680 1588 818 1645 musicam
837 1588 968 1645 Damone

195 1692 242 1740 aut
262 1682 443 1755 Aristoxeno,
464 1703 532 1742 num
557 1684 631 1759 ipsas
655 1684 752 1742 literas
778 1684 969 1760 Aristophane

194 1789 242 1837 aut
262 1779 439 1837 Callimacho
458 1791 608 1852 tractante,
622 1791 680 1838 tam
700 1781 856 1856 discerptas
872 1781 968 1855 lirisse,

149 1883 179 1933 15
192 1885 224 1932 ut
236 1893 321 1932 nemo
335 1894 425 1952 genus
444 1877 607 1934 uuiversum
627 1870 870 1952 complecteretur,
886 1887 969 1953 atque

194 1979 225 2028 ut
249 1969 319 2037 alius
343 1970 426 2028 aliam
449 1971 504 2030 sibi
526 1982 645 2049 partem,
668 1973 698 2030 in
722 1974 778 2047 qui
802 1974 969 2045 elaboraret,

194 2068 360 2143 seponeretl

231 2163 373 2247 Equidem
399 2183 473 2241 sape
503 2165 560 2223 hoc
593 2165 686 2224 audivi
712 2167 747 2225 de
773 2178 853 2244 patre
879 2177 907 2226 et
933 2169 970 2228 de

194 2279 292 2320 socero
312 2281 386 2334 meo,
399 2273 511 2320 nostros
531 2278 642 2338 quoque
662 2265 800 2336 homines,
815 2265 863 2340 qui
876 2266 971 2323 excel·

147 2361 179 2411 2⁰
193 2357 250 2415 lere
264 2359 408 2432 sapientie
429 2359 519 2436 gloria
533 2358 645 2430 vellent,
660 2362 764 2432 omnia,
779 2381 841 2436 quae
854 2362 970 2438 quidem

194 2461 253 2509 tum
273 2453 335 2509 haec
355 2453 454 2511 civitas
474 2453 581 2525 ndsset,
602 2455 698 2512 solitos
721 2475 784 2514 esse
807 2457 968 2533 complecti.

193 2545 384 2604 Meminerant
404 2545 444 2604 illi
465 2547 529 2604 Sex.
545 2547 663 2620 AElium,
678 2549 718 2605 Μ’
733 2570 800 2608 vero
816 2549 969 2611 Manilium

194 2661 244 2700 nos
258 2641 342 2700 etlam
360 2641 480 2700 vidimus
500 2651 659 2701 transverso
680 2646 870 2705 ambulantem
890 2648 969 2706 foro:

193 2737 267 2812 quod
291 2746 351 2794 erat
374 2736 495 2813 insigne,
517 2755 593 2809 eum,
614 2738 662 2813 qui
685 2739 713 2795 id
735 2739 851 2814 faceret,
874 2742 970 2801 facere

148 2835 179 2886 25
194 2833 303 2890 civibus
322 2831 453 2890 omnibus
476 2833 589 2890 consilii
614 2833 659 2890 sui
686 2836 814 2910 copiam:
843 2839 878 2895 ad
897 2857 971 2914 quos

1073 421 1076 516 l

193 2927 260 2986 olim
286 2939 315 2986 et
342 2929 381 2986 ita
411 2930 596 3000 ambulantes,
623 2939 651 2986 et
676 2930 707 2987 in
733 2932 805 2989 solio
837 2935 971 2993 sedentes
1074 2926 1075 2933 ἵ

194 3023 280 3096 dorni,
294 3024 336 3080 sic
357 3024 494 3096 adibatur,
515 3043 573 3082 non
593 3024 684 3082 solum
704 3036 735 3084 ut
754 3027 790 3084 de
807 3029 871 3104 jure
891 3030 970 3090 civili
