2167 3525
132 290 223 351 nun]
412 290 455 337 nn
476 288 638 335 errrore
902 275 959 334 tut

132 458 216 516 quern
227 438 346 497 leniter!
367 438 596 513 quemremieset
615 454 768 512 qurmnon
779 434 911 493 retueee!

133 536 221 594 instet
233 536 310 593 enirn

144 732 145 742 ,
250 678 794 748 “Opeter!0petrie!0i²riemidemur!”
893 681 896 687 “

134 826 164 884 in
191 844 246 901 que
271 834 349 882 tenta
375 823 549 881 commoveri
575 824 652 882 aetio
677 833 864 899 nonpossint,
887 822 912 880 si

132 932 207 979 esset
239 930 388 980 consumta
420 920 566 995 superiore
597 930 676 978 motu
708 930 737 977 et
767 920 942 978 erheuetnt»

131 1018 235 1093 Neque
262 1018 290 1075 id
318 1027 429 1073 actores
461 1016 539 1091 prius
573 1016 713 1087 viderunt,
740 1035 824 1091 quam
858 1015 912 1092 ipsi

130 1119 234 1191 poete,
261 1132 345 1191 quern
372 1112 495 1186 denique
520 1112 561 1169 illi
588 1112 685 1182 etiam,
708 1112 757 1186 qui
784 1113 913 1171 fecerunt

131 1212 242 1283 modos,
270 1230 288 1269 e
313 1210 414 1285 quibus
441 1208 568 1283 utrisque
594 1208 769 1265 submittitur
796 1208 912 1283 aliquid,

131 1308 236 1365 deinde
264 1317 392 1384 augetur,
419 1316 598 1375 extenuatur,
628 1304 752 1375 infletur,
779 1304 912 1377 variatur,

132 1403 323 1480 distinguitur.
601 1417 605 1422 ’
928 1407 958 1457 ltt

171 1499 216 1557 Ite
238 1499 275 1557 eit
296 1498 379 1556 nobis
400 1498 485 1575 igitur
507 1509 624 1577 ornatus
644 1507 673 1555 et
693 1496 788 1555 suevis
808 1507 911 1569 orator,

132 1596 203 1673 (nee
229 1605 324 1652 temen
350 1604 441 1671 potest
471 1594 551 1652 uiiter
584 1596 661 1672 esee)
688 1604 721 1651 ut
745 1594 912 1651 suavitatem

133 1692 236 1749 habeat
257 1700 396 1749 austeram
416 1700 444 1748 et
464 1690 594 1762 solidum,
615 1708 674 1747 non
694 1690 807 1748 dulcem
828 1701 912 1766 etque

132 1790 298 1846 deeoetem:
320 1807 385 1846 nem
400 1787 460 1863 ipse
474 1787 681 1845 adornandum
695 1798 837 1863 precepta
850 1807 912 1862 que

132 1886 244 1957 dentur,
259 1884 399 1961 ejusmodi
419 1894 495 1955 sunt,
509 1894 541 1942 ut
560 1902 605 1954 ea,
621 1884 748 1958 quamvis
767 1880 958 1943 virissimi-15

130 1991 322 2053 munerator,
346 1981 489 2058 explicare
510 1980 609 2055 possit.
658 1980 769 2052 Quare,
791 1990 823 2037 ut
846 1990 913 2038 ente

131 2076 200 2147 dixi,
214 2077 336 2152 primum
356 2077 427 2134 silve
445 2095 592 2134 rerumne
611 2077 816 2134 sententiarum
835 2093 913 2132 eom·

130 2171 257 2248 peranda
276 2181 329 2242 ert,
347 2173 404 2246 qui
423 2172 459 2228 de
479 2182 559 2247 perte
578 2171 649 2228 dixit
669 2172 830 2229 Antonius:
851 2171 913 2228 hee

132 2268 281 2327 formanda
294 2267 342 2324 filo
356 2267 416 2343 ipso
430 2276 459 2324 et
471 2285 578 2343 genere
593 2266 740 2337 orationis,
755 2266 913 2326 illuminen-

131 2365 168 2422 de
180 2364 284 2436 verbis,
300 2362 434 2421 varianda
447 2362 604 2420 sententiis.
926 2368 958 2419 ω

170 2460 288 2518 Summe
303 2468 397 2516 eutem
410 2458 472 2515 laus
486 2457 655 2532 eloquentie
673 2468 726 2531 est,
741 2458 913 2534 emplifieere

129 2575 191 2616 rem
210 2555 349 2627 eruendo,
367 2555 443 2632 quod
461 2554 545 2626 velet,
563 2573 622 2612 non
642 2555 732 2613 seium
754 2556 789 2614 ud
808 2574 913 2634 eugen·

132 2654 199 2712 dum
224 2652 329 2728 aliquid
352 2662 382 2710 et
404 2651 560 2710 tollendum
588 2651 680 2723 eitius,
704 2651 838 2725 dicendo,
861 2653 912 2712 eed

131 2750 218 2809 etiem
233 2750 268 2808 ed
281 2750 492 2808 extenuandum
507 2759 590 2825 etque
605 2747 805 2824 ebjieiendum.

170 2943 297 3002 XXVH.
328 2943 361 3000 Id
382 2942 559 3000 desideretur
579 2940 713 3000 omnibus
731 2941 767 2998 iis
780 2941 810 2999 in
827 2942 909 3014 loeis,
923 2952 956 3003 25

133 3057 203 3118 quoe
217 3037 251 3096 ed
264 3038 348 3096 tidem
361 3037 498 3096 orationis
517 3036 678 3096 freieudem
698 3037 826 3096 adhiberi
841 3037 912 3097 dixit

366 3135 400 3192 ll
413 3133 430 3170 ⁸
