2167 3525
147 336 203 395 152
461 343 503 389 DE
527 341 688 388 ORATORE.
876 338 916 397 [L.
926 337 975 383 111.
1068 419 1069 422 Ἴ

190 503 238 551 aut
258 510 436 568 quocumque
456 491 551 562 modo,
565 510 624 548 non
643 496 675 547 ut
694 488 802 546 dictum
822 496 875 559 est,
889 486 922 545 in
935 504 975 545 co

188 608 293 667 genere
307 589 483 666 intelligitur,
497 588 549 645 sed
562 598 593 644 ut
606 606 720 643 sensum
734 597 785 643 est.

227 784 336 842 XLIII.
368 782 521 845 Abutimur
535 800 615 863 saepe
634 780 824 837 etiam.verbc
836 798 895 836 non
909 788 971 835 tam

188 881 342 957 eleganter,
369 899 453 955 quam
482 879 511 935 in
538 878 748 946 transferend0;
776 877 828 933 sed
854 876 969 933 etiamsi

158 977 330 1048 5lieentius,
352 987 446 1034 tamen
467 976 609 1033 interdurn
632 990 690 1031 non
712 974 908 1048 impudenter:
937 972 971 1029 ut

188 1092 254 1131 cum
279 1073 416 1147 grandem
442 1074 592 1129 oraticnem
618 1089 670 1146 pro
696 1073 809 1149 magna,
833 1070 970 1127 minutum

188 1171 310 1230 animum,
320 1186 372 1245 pro
385 1188 482 1245 parvo,
497 1169 626 1227 dicimus.
667 1170 775 1226 Verum
793 1169 843 1227 illa
854 1168 970 1226 videtis·

189 1285 226 1324 ne
239 1284 300 1323 esec
314 1285 373 1325 non
386 1266 473 1337 verbi,
488 1266 538 1323 sed
555 1266 701 1336 cretionis,
716 1285 778 1341 quae
791 1265 969 1341 expluribus

190 1362 235 1441 (ut
248 1364 377 1441 exposui)
389 1362 620 1421 translationibus
632 1380 763 1422 connexa
775 1364 860 1421 suntl
895 1364 969 1421 Haec

144 1470 174 1519 10
190 1469 294 1529 autem,
314 1476 376 1532 quae
398 1469 445 1515 aut
465 1460 613 1517 immutata
637 1476 700 1515 esse
726 1458 794 1529 disi,
816 1469 864 1515 aut
888 1460 968 1517 aliter

190 1552 383 1631 intelligenda,
405 1574 439 1613 ac
459 1555 630 1625 dicerentur,
651 1564 718 1612 sunt
742 1554 878 1612 translata
900 1572 969 1628 quo·

189 1649 255 1707 dam
274 1650 367 1709 modo.
408 1649 452 1709 Ita
472 1650 512 1721 fir,
527 1661 560 1708 ut
571 1651 665 1709 omnis
681 1650 858 1726 singulorum
870 1652 970 1708 verbu·

189 1765 252 1804 rum
272 1746 360 1804 virtus
381 1758 464 1822 atque
486 1748 549 1808 laus
574 1747 664 1806 tribus
689 1748 791 1807 existat
811 1765 847 1804 ex
865 1747 967 1805 rebus:

189 1843 213 1898 si
228 1853 276 1900 aut
290 1853 430 1900 vetustum
449 1844 565 1902 verbum
586 1844 631 1915 sit,
646 1844 721 1915 quod
739 1854 837 1901 tamen
849 1863 969 1902 consue·

144 1954 174 2002 15
188 1937 258 1994 tudo
279 1937 351 1994 ferre
370 1939 475 2012 possit3
498 1949 547 1996 aut
565 1939 672 1996 facturn
690 1941 733 1997 vel
753 1942 967 2017 conjunctione,

188 2032 231 2091 vel
245 2033 380 2104 novitate,
394 2033 424 2092 iu
438 2053 494 2110 quo
508 2034 577 2090 item
597 2045 640 2090 est
658 2035 774 2093 auribus
787 2037 967 2095 consuetudi·

189 2130 275 2205 nique
297 2129 483 2208 [parcendum
493 2133 514 2210 ;]
538 2140 586 2188 aut
603 2131 779 2203 translatum,
794 2132 869 2207 quod
883 2133 969 2190 maxi-

189 2246 244 2297 me,
259 2237 392 2302 tauquam
413 2226 501 2284 stellis
521 2226 699 2301 quibusdam,
719 2237 800 2284 notat
818 2237 848 2282 et
867 2225 968 2286 illumi·

188 2333 237 2381 nat
250 2323 415 2381 orationem.
634 2337 654 2364 ‘-

143 2435 174 2483 20
228 2419 362 2492 Sequitur
383 2419 560 2508 continuatio
579 2420 737 2490 verborum,
752 2439 814 2495 quae
835 2421 907 2478 duas
924 2439 969 2478 res
1068 2486 1069 2495 χ

189 2515 320 2585 maxime,
337 2513 557 2573 collocationem
576 2515 709 2589 primurn,
729 2515 833 2574 deinde
853 2517 970 2576 modum
1068 2520 1069 2539 ³

190 2609 330 2684 quendam
360 2608 544 2684 formamque,
572 2609 721 2668 desiderat.
763 2611 969 2672 Collocaticnis

189 2715 232 2762 est
246 2722 414 2780 componere
428 2715 455 2761 et
469 2715 577 2762 struere
591 2706 676 2762 rerba
689 2706 741 2778 sic,
756 2718 788 2765 ut
801 2728 872 2766 neve
889 2729 969 2786 asper

191 2819 289 2858 eorum
310 2817 466 2856 concursus
485 2819 557 2858 neve
577 2799 689 2857 hiulcus
709 2802 755 2875 sit,
769 2804 821 2860 sed
835 2807 970 2880 quodam·
1067 2810 1069 2835 ⁴

143 2917 175 2982 25
189 2895 274 2952 modo
289 2905 501 2970 coagmentatus
521 2905 550 2958 et
569 2895 654 2953 laevis
687 2897 730 2982 'In
750 2918 807 2974 quc
827 2900 921 2977 lepide
938 2903 968 2961 in

190 2989 283 3050 soceri
298 2990 354 3046 mei
373 2991 495 3065 persone
514 2989 583 3083 lusit
599 2990 633 3063 is,
647 2992 696 3068 qui
716 2994 927 3071 elegantissime
940 2997 969 3055 id

191 3089 284 3146 lacere
296 3085 398 3162 potuit,
414 3085 551 3159 Lucilius,
