2167 3525
9 168 11 267 i
98 232 188 293 nna]
378 232 421 279 nn
442 230 606 279 omnnem
888 216 927 276 95

97 380 182 459 liujus
208 382 339 440 oratione
365 379 480 439 Catulli
513 398 577 455 que
604 387 648 437 est
672 396 745 457 pura
768 376 822 450 sic,
849 384 882 434 nt

97 475 202 536 Latine
227 477 306 551 loqui
330 494 411 553 pene
439 475 518 535 solus
544 474 683 547 videatur,
709 475 753 535 sie
785 482 881 532 autem

98 573 202 651 gravis,
226 584 258 631 ut
284 574 313 631 in
339 572 477 651 singulari
503 571 642 649 dignitate
667 570 763 629 omnis
784 580 881 632 tanen

100 670 175 729 adsit
194 670 353 729 humanitas
373 688 408 729 ao
426 670 515 745 lepos.
555 668 637 731 Quid
661 668 769 728 multal
795 667 881 727 istum

100 766 220 825 audiens
233 766 365 842 equidem
379 766 421 824 sio
432 765 563 841 judicare
577 765 666 837 soleo,
681 763 817 840 quidquid
833 774 881 822 aut
896 769 913 819 5

99 862 252 934 addideris,
268 872 316 921 aut
329 862 491 936 mutaveris,
507 871 556 921 aut
575 861 740 936 detraxeris,
754 860 881 922 vitiosius

98 969 129 1016 et
149 959 272 1017 deterius
293 959 426 1017 futurum.
476 958 559 1020 Quid
578 968 675 1017 noster
695 958 743 1016 hic
764 957 881 1018 Gesarl

98 1073 195 1115 nonne
217 1074 320 1113 novam
342 1054 484 1132 quondam
506 1054 648 1115 rationem
671 1054 765 1113 attulit
778 1052 882 1112 oratio·

98 1152 153 1223 uis,
173 1162 203 1209 et
222 1151 339 1210 dicendi
358 1170 450 1230 genus
469 1150 582 1213 induxit
604 1169 692 1228 prope
718 1150 881 1229 siugrdarel

97 1246 175 1309 Quis
194 1266 321 1325 unquam
341 1266 396 1321 res,
416 1258 517 1323 preter
545 1248 632 1321 hunc,
651 1247 777 1325 tragicas
801 1262 882 1323 pene
897 1254 927 1303 10

99 1347 221 1417 oomice,
241 1345 336 1403 tristes
354 1344 483 1417 remisse,
504 1362 617 1403 severas
636 1344 736 1415 hilare,
756 1342 882 1402 forenses

98 1441 216 1499 scenici
235 1460 324 1517 prope
341 1450 498 1512 venustate,
512 1440 661 1509 tractavit3
682 1450 768 1514 atque
787 1438 837 1510 its,
850 1448 883 1495 ut

98 1555 193 1611 neque
216 1537 300 1613 jocus
326 1536 523 1614 magnitudine
549 1554 644 1594 rerum
673 1534 881 1605 excluderetur,

99 1652 155 1693 neo
181 1634 304 1713 gravitas
330 1634 441 1694 saoetiis
467 1634 663 1693 minuereturl
708 1632 788 1695 Eece
813 1651 883 1709 prte-

98 1741 195 1790 seutes
219 1730 277 1790 duo
300 1749 389 1808 prope
409 1731 542 1808 equales,
567 1728 712 1807 Sulpicius
735 1739 764 1788 et
786 1727 880 1788 Cotta
897 1736 928 1788 15

97 1827 180 1890 Quid
202 1838 260 1886 tam
285 1827 358 1887 iuter
381 1847 412 1886 se
434 1827 591 1887 dissimilet
622 1826 691 1902 quid
713 1826 816 1885 tamin
829 1845 881 1888 suo

99 1944 204 2003 genere
223 1926 379 2002 prestansl
402 1925 516 1984 limatus
538 1923 609 1982 alter
628 1933 658 1981 et
677 1923 799 1996 subtilis,
819 1941 880 1981 reru

98 2022 244 2098 explicans
275 2021 397 2098 propriis
431 2021 559 2097 aptisque
591 2020 700 2079 verbis:
734 2020 822 2080 heret
850 2019 881 2078 in

99 2118 192 2176 causti.
214 2136 333 2193 semper,
358 2128 396 2189 et,
420 2117 488 2192 quid
511 2116 603 2192 judici
628 2114 808 2191 probandum
833 2114 881 2186 sit,

99 2231 167 2270 eum
182 2213 344 2271 acutissime
357 2212 436 2283 vidit,
449 2211 562 2270 omissis
575 2210 679 2268 ceteris
697 2210 881 2289 argumentis,
896 2213 929 2264 2⁰

43 2315 48 2324 ”
99 2309 130 2367 in
150 2327 185 2366 eo
205 2318 328 2366 mentem
349 2307 562 2383 orationemque
581 2306 687 2385 defigit.
734 2306 880 2383 Sulpicius

100 2415 206 2476 autern,
221 2403 372 2463 fortissimo
386 2402 507 2479 quodam
521 2402 608 2460 animi
620 2402 739 2479 impetu,
751 2402 880 2479 plenissi-

99 2501 147 2558 nrd
160 2510 190 2558 et
209 2499 333 2558 maximi
353 2517 432 2570 voce,
446 2498 557 2557 summi
577 2498 761 2557 contentione
780 2518 879 2577 corpo·

100 2597 149 2669 ris,
175 2605 205 2654 et
229 2595 368 2674 dignitate
394 2595 498 2667 motus,
524 2596 675 2654 verborum
705 2614 817 2673 quoque
843 2597 879 2654 ei

100 2693 237 2772 gravitate
263 2702 293 2750 et
318 2691 402 2768 oopid
428 2702 480 2763 est,
504 2701 536 2750 ut
562 2711 637 2750 unus
663 2692 699 2750 ad
725 2691 879 2751 dicendum
894 2702 926 2751 ἵ)

100 2788 336 2848 instructissimus
350 2808 368 2846 a
380 2788 482 2847 naturis
494 2807 558 2845 esse
571 2786 707 2846 rideatur.

138 2980 193 3038 [Χ.
224 2980 271 3037 Ad
291 2979 479 3055 nosmetipsos
499 2980 719 3055 jamrererto13
747 2999 878 3056 quoniam
