2167 3525
157 280 196 339 ⁷2
473 288 517 335 mr
540 285 701 335 carrona
901 280 986 345 [nm

203 456 265 515 quc
283 437 411 514 jucunda
428 446 458 495 et
477 447 567 515 grata,
581 446 643 499 tum
661 434 748 494 etiam
762 434 887 510 illaque
899 433 987 492 mna

203 534 271 593 bilia
284 543 350 591 sunt
363 533 393 592 in
407 532 519 605 virtute,
533 532 651 591 landari.

242 726 396 786 LXXXV.
427 724 475 797 Et,
496 726 629 800 quoniam
651 724 828 802 singularum
847 725 985 782 virtutum

124 820 126 827 ’
203 833 269 882 sunt
295 832 373 881 certa
399 820 527 896 quadam
551 822 647 880 officia
674 840 708 879 ac
733 838 861 891 munem,
881 830 911 877 et
930 838 986 885 sna

172 920 307 995 conique
329 917 426 976 virtuti
449 917 511 975 laus
533 918 645 995 pmpric
666 918 795 990 debetur,
818 916 872 974 erit
896 916 986 993 expli·
1079 917 1080 952 ³

204 1016 327 1073 candum
348 1015 378 1073 in
401 1013 486 1073 laude
509 1013 635 1090 justitiae,
654 1014 722 1091 quid
742 1032 810 1072 cum
828 1013 895 1085 lide,
915 1012 986 1089 quid
1079 1037 1080 1042 ¹

204 1130 271 1169 cunr
298 1110 498 1186 aequabilitate,
526 1108 595 1184 qnid
626 1128 692 1168 cnm
720 1108 861 1186 ejusmodi
888 1108 987 1184 aliquo

204 1196 301 1265 officio
324 1207 358 1278 is,
379 1206 428 1281 qui
451 1201 623 1276 laudabitur,
645 1206 750 1265 lecerit.
791 1205 931 1281 Itemque,
953 1205 986 1263 in

205 1296 318 1377 ceteris,
333 1320 379 1361 res
398 1312 484 1380 geste
506 1302 541 1359 ad
555 1301 692 1377 cujusque
710 1302 821 1361 virtutis
840 1319 942 1379 genus,
955 1311 987 1359 et

158 1406 190 1455 10
206 1398 272 1471 rim,
286 1410 315 1457 et
328 1418 442 1471 nomen,
458 1397 756 1456 accommodabuntur.

244 1495 413 1553 Gratissima
434 1503 528 1551 autem
547 1493 610 1550 laus
627 1510 725 1551 eorum
742 1493 882 1552 sactorum
899 1493 987 1551 habc-

205 1601 260 1663 tur,
275 1610 338 1666 quae
358 1599 491 1665 suscepta
509 1588 641 1647 videntur
662 1606 679 1646 a
697 1588 764 1646 viris
782 1588 901 1649 sortibus
922 1590 987 1648 sinc

133 1710 147 1733 ·
205 1686 398 1745 emolumento
419 1704 453 1743 ac
472 1685 605 1760 praemio:
632 1703 695 1760 qnae
714 1703 781 1742 vero
806 1687 891 1744 etiam
918 1704 987 1745 cum

204 1783 302 1840 labore
321 1793 351 1840 et
369 1781 498 1858 periculo
519 1781 655 1856 ipsorum,
674 1781 736 1838 haec
755 1781 861 1840 habent
879 1783 988 1842 uberri-

158 1883 190 1933 15
204 1897 280 1936 mam
300 1877 413 1953 copiam
434 1877 470 1934 ad
489 1876 674 1947 laudandum,
688 1877 764 1951 quod
782 1889 812 1936 et
831 1880 889 1938 dici
904 1898 989 1938 orna·

204 1973 313 2046 tissime
338 1983 467 2048 possunt,
487 1981 516 2028 et
537 1971 629 2030 audiri
656 1972 799 2031 facillime.
840 1973 884 2033 Ea
908 1977 988 2034 enirn

204 2069 328 2145 denique
347 2069 436 2126 virtus
455 2086 518 2125 esse
538 2067 650 2126 videtur
669 2061 828 2145 prestantis
846 2070 909 2142 viri,
923 2091 988 2148 quac

205 2178 249 2226 cst
275 2167 420 2224 fructuosa
446 2164 519 2237 aliis,
548 2164 603 2240 ipsi
631 2175 726 2224 autem
758 2166 911 2240 laboriosa,
939 2179 989 2226 aut

205 2264 373 2340 periculosa,
389 2272 438 2320 aut
450 2271 529 2319 certe
542 2261 674 2339 gratuita.
716 2261 825 2340 Magna
839 2264 926 2322 etiam
940 2265 989 2324 illa

158 2361 190 2412 2⁰
205 2359 276 2429 laus,
301 2368 330 2416 et
354 2357 537 2427 admirabilis,
562 2357 651 2415 rideri
677 2359 759 2432 solet,
782 2359 883 2417 tulisse
904 2379 989 2418 casus

205 2454 347 2528 sapienter
376 2453 516 2522 adversos,
541 2471 599 2510 non
626 2453 748 2512 fractum
774 2473 837 2513 esse
863 2456 988 2529 fortuni,

205 2548 357 2606 retinuisse
371 2547 400 2603 in
415 2547 500 2602 rebus
514 2548 621 2622 asperis
633 2548 810 2625 dignitatem.

244 2643 347 2717 Neque
367 2652 462 2698 tamen
483 2640 532 2699 illa
551 2661 611 2699 non
625 2653 737 2715 ornant,
752 2645 841 2704 habiti
855 2647 990 2721 honores,

205 2740 321 2798 decreta
334 2737 443 2795 virtutis
462 2737 589 2812 pramis,
603 2757 649 2795 res
661 2753 749 2815 gestie
765 2741 883 2818 judiciis
898 2743 990 2802 homi·

157 2847 190 2899 ὅ
205 2855 274 2894 num
302 2834 507 2908 comprobatae3
529 2833 684 2908 inquibus
709 2836 796 2894 etiarn
823 2824 1011 2900 felicitatem

206 2932 296 3008 ipsam
315 2929 442 2988 Deorum
462 2929 666 2988 immortalium
682 2931 794 3008 judicio
813 2933 911 3006 tribui,
930 2937 991 2995 lau·

207 3026 329 3092 dationis
356 3036 406 3084 est.
461 3025 615 3086 Sumenda
642 3036 737 3088 antem
763 3047 809 3089 res
833 3042 991 3092 eructant
