2167 3525
38 318 40 327 .
114 280 236 369 nna:x
393 280 437 335 nu
456 282 622 335 cottona
921 276 943 341 t

111 436 246 515 judicum
264 449 418 515 permovet,
439 438 626 515 impellitque,
646 445 679 494 ut
698 444 748 494 ant
773 432 897 509 oderint,

114 544 164 593 aut
187 534 315 612 diligant,
341 546 389 605 sut
412 536 569 607 invideant,
594 547 643 593 ant
666 533 776 594 salvum
798 534 897 607 velint,

115 640 165 689 aut
185 642 319 704 metuant,
342 642 390 689 sut
411 641 535 708 sperent,
558 640 606 689 aut
632 630 760 707 cupiant,
781 638 834 688 sot
850 630 899 688 ab·

114 726 257 799 horreant,
273 728 475 799 autlaetentur,
490 738 539 785 aut
559 737 706 799 mereant,
722 737 770 787 aut
783 726 902 785 misero·-

116 834 206 895 antur,
222 834 270 882 aut
289 824 392 900 punire
413 824 511 895 velint,
526 834 575 881 aut
590 815 689 881 ad'eos
701 834 797 882 motus
811 824 929 885 adda-5

115 930 224 993 cantur,
241 921 266 977 si
287 921 336 995 qui
356 920 470 979 finitimi
491 929 607 978 suntet
625 920 778 996 propinqui
797 921 842 979 his
861 935 899 979 oo

114 1016 217 1073 talibus
251 1017 339 1075 animi
371 1016 642 1093 perturbationibus.
696 1016 794 1091 Atque
826 1015 898 1075 illud

113 1112 270 1189 optandum
290 1122 334 1169 est
354 1113 470 1185 oratori,
491 1122 523 1171 ut
544 1112 667 1186 aliquam
689 1112 898 1188 permotionem

115 1208 274 1267 animorum
298 1206 350 1265 sini
373 1219 474 1285 sponte
498 1207 553 1283 ipsi
578 1209 697 1267 afferant
720 1208 755 1266 ed
781 1226 898 1267 oausam

111 1304 233 1381 judices,
256 1305 351 1377 adid,
373 1306 448 1380 quod
469 1305 577 1363 utilitas
603 1304 724 1363 oratoris
749 1304 831 1377 leret,
853 1316 944 1368 tto-10

114 1401 333 1459 commodatam.
376 1402 503 1459 Facilius
522 1412 566 1459 eet
585 1401 663 1458 enim
676 1411 839 1459 carmentem
853 1400 899 1477 (ut

114 1497 208 1573 aiunt)
234 1497 365 1568 incitare,
385 1516 470 1571 quam
498 1514 680 1554 commovere
705 1496 898 1573 languentem.

115 1592 169 1651 Sin
193 1590 223 1651 id
248 1602 377 1649 autnon
400 1592 463 1663 erit,
485 1575 540 1649 aut
555 1580 615 1649 'erit
640 1592 800 1664 obscurius,
824 1592 901 1651 sium

114 1686 230 1746 medico
250 1688 390 1765 diligenti,
404 1688 568 1765 priusquam
589 1698 708 1747 conetur
728 1706 804 1768 aegro
820 1688 902 1747 aditi-¹

114 1785 182 1844 bere
208 1785 390 1856 medicinam,
415 1804 473 1843 non
500 1786 593 1844 solum
619 1787 734 1845 morbus
759 1786 821 1863 ejus
847 1785 896 1845 cui
912 1801 944 1851 15

114 1881 222 1940 mederi
249 1882 333 1954 volet,
361 1883 410 1940 sed
440 1883 527 1940 etism
560 1884 740 1943 consuetudo
765 1883 896 1956 valentis,
942 1888 945 1894 '

114 1989 143 2036 et
162 1981 264 2038 natura
283 1979 419 2054 corporis,
441 1980 644 2056 cognoscenda
668 1992 728 2051 est3
755 1980 798 2038 sic
817 1981 898 2056 equi·

114 2073 189 2147 dem,
211 2093 277 2133 cum
298 2076 448 2152 aggredior
469 2076 623 2152 ancipitem
649 2093 766 2134 causam
785 2085 815 2134 et
833 2095 898 2154 gra·

114 2189 187 2244 rem,
213 2171 248 2230 ad
276 2173 386 2233 animos
409 2172 540 2249 judicum
566 2171 791 2248 pertractandos,
817 2168 898 2230 omni

114 2277 210 2332 mente
243 2268 273 2326 in
307 2267 342 2326 ed
372 2269 547 2344 cogitatione
580 2267 707 2342 carique
732 2285 837 2340 versor,
864 2278 897 2327 ut
910 2270 943 2324 20

115 2364 227 2436 odoret,
242 2383 327 2439 quam
347 2364 530 2441 sagacissime
549 2364 665 2440 possim,
679 2363 748 2439 quid
761 2365 895 2440 sentim,
942 2413 950 2422 ..

114 2460 183 2536 quid
208 2461 379 2533 existiment,
407 2461 476 2536 quid
502 2471 676 2537 exspectent,
702 2461 772 2537 quid
797 2462 895 2536 velint,

114 2575 172 2632 qno
192 2556 297 2614 deduci
314 2557 445 2617 oratione
471 2557 607 2616 facillime
631 2575 716 2633 posse
729 2558 894 2619 uideantur.

115 2652 149 2712 si
171 2671 202 2710 se
226 2654 304 2726 dant,
324 2663 354 2711 et
377 2651 423 2730 (ut
446 2663 511 2711 ante
535 2653 609 2733 dixi)
631 2654 684 2711 sud
705 2658 817 2730 sponte,
837 2673 896 2732 quo

115 2749 296 2826 impellimus,
311 2749 450 2808 inclinant
471 2759 555 2825 atque
567 2749 761 2826 propendent;
782 2750 896 2828 accipio
909 2759 942 2810 to

114 2845 191 2922 quod
211 2847 303 2917 duur,
318 2846 395 2904 etad
410 2845 449 2917 id,
463 2846 539 2904 unde
561 2844 661 2922 aliquis
676 2845 761 2904 flatus
771 2847 895 2921 ostendlf
939 2893 945 2904 ,

114 2951 172 3014 tur,
185 2942 248 3002 vela
260 2943 306 3002 do.
348 2942 401 3000 Sin
422 2951 464 3000 est
484 2942 595 3020 integer
613 2941 783 3019 quietusque
795 2943 896 3021 index,

113 3036 181 3125 plue
199 3049 242 3098 est
260 3037 371 3120 operis:
391 3049 458 3100 sunt
476 3039 556 3118 enim
567 3039 807 3118 -oruniadioendc
819 3039 895 3112 ‚ancia

176 3133 177 3136 ,
350 3135 366 3195 l
378 3133 396 3172 3
885 3130 889 3139 ,
