2167 3525
141 295 182 365 ω
456 310 501 359 oa
521 274 684 367 oniroran
883 312 966 373 [nn.

183 468 244 521 tota
262 458 395 519 namatio.
436 458 583 519 Addidisti
602 458 769 533 olaiaeulam,
782 460 845 520 totd
858 459 966 521 Tarru-
1078 451 1079 482 ³

184 554 252 615 niul
265 566 325 615 tum
343 556 475 615 omnibus
489 558 518 615 in
531 556 687 635 parietibus
705 546 858 635 inseriptae
876 557 964 622 luiaee
1078 601 1079 608 ,

183 650 290 725 literas,
310 653 365 712 tria
385 652 470 727 LLL,
491 653 550 712 duo
570 652 637 711 ΜΜ
646 673 654 711 :
675 672 741 713 oum
762 672 913 729 quaereres,
932 651 964 711 id
1072 678 1079 692 .

96 792 106 837 Ι
183 749 251 825 quid
265 759 349 823 esset,
364 769 460 809 aenem
477 750 530 807 tibi
550 749 691 825 quendam
710 750 883 827 oppidanum
902 748 965 809 dix·

154 844 250 917 disee,
278 845 428 905 “Lacerat
450 846 588 905 lacertum
612 846 710 924 Largii
733 846 850 904 mordax
872 846 965 905 Mem·

182 942 285 1001 miue.''
324 942 499 1021 Perspicitis,
512 942 568 1001 hoo
577 962 669 1021 genus
679 947 765 1020 quam
777 942 814 1001 eit
828 943 963 1016 facetum,

182 1058 267 1117 quam
280 1040 404 1117 elegans,
420 1058 504 1116 quam
518 1040 682 1113 oratorium,
695 1040 755 1099 aive
768 1040 883 1113 habene,
896 1056 964 1099 rere

183 1136 259 1212 quod
272 1154 387 1195 narrare
400 1136 492 1213 poesis
508 1136 599 1215 (quod
611 1147 708 1195 tamen
721 1147 765 1195 eet
778 1136 964 1195 mendaciun-

178 1232 256 1319 9ulis
271 1234 502 1313 aspergendum),
514 1233 573 1291 sive
586 1233 685 1311 fingas.
726 1234 779 1292 Eat
793 1244 887 1292 autem
900 1233 978 1315 haeo·

139 1337 170 1388 10
181 1316 267 1407 ltujus
286 1330 400 1407 generis
420 1330 517 1402 virtue,
530 1339 563 1388 ut
576 1330 617 1388 ita
635 1330 713 1389 faeta
731 1330 916 1401 demonstres,
930 1318 964 1387 ut

182 1442 276 1485 mores
296 1426 366 1503 ejus,
382 1426 418 1485 de
437 1445 494 1503 quo
513 1444 622 1499 narres,
636 1436 668 1485 nt
687 1445 790 1499 aermo,
807 1435 839 1485 ut
857 1425 961 1497 vultus,

181 1537 280 1582 omnes
294 1522 496 1600 exprimantur,
510 1532 542 1582 ut
555 1522 600 1596 iie,
614 1522 664 1599 qui
685 1523 813 1598 audiunt,
826 1532 887 1581 tum
900 1519 962 1599 geri

183 1616 233 1675 illa
243 1618 360 1694 fierique
371 1618 527 1677 rideantur.
568 1617 603 1676 ln
616 1637 648 1677 re
661 1629 705 1677 eat
717 1619 787 1677 item
799 1613 962 1687 ridioulum,
1031 1697 1034 1702 Ι

182 1712 258 1790 quod
272 1730 307 1771 ex
321 1710 442 1789 quddam
457 1715 609 1791 depravate
619 1715 778 1773 imitatione
792 1713 865 1772 sumi
878 1713 961 1785 aolet,

138 1819 168 1870 15
182 1817 213 1867 ut
237 1808 312 1867 idem
336 1809 467 1880 Crassus,
492 1815 570 1885 “per
593 1819 671 1867 tuam
697 1809 885 1880 nobilitatem,
909 1826 962 1883 per

179 1914 302 1963 vestram
330 1905 493 1963 familiam.'’
542 1904 626 1966 Quid
653 1903 730 1961 aliud
756 1903 819 1977 suit,
846 1903 878 1962 in
902 1921 960 1980 quo

181 2001 284 2060 oonoio
303 2000 418 2074 rideret,
432 1999 488 2058 nisi
508 1999 557 2058 illa
572 1998 665 2059 vulttle
678 2010 708 2058 et
720 2000 798 2059 vooie
817 2001 960 2060 imitatiol

181 2097 264 2157 “Per
284 2107 347 2156 tuas
367 2099 498 2155 etatuas’'
519 2115 586 2156 vero
608 2115 675 2155 oum
695 2097 775 2169 dixit,
796 2107 825 2155 et
845 2106 961 2156 extento

181 2195 298 2254 brachio
318 2193 462 2272 paululum
483 2193 569 2252 etiarn
589 2191 626 2251 de
645 2203 727 2272 gestu
746 2192 863 2267 addidit,
877 2193 961 2252 relae-

128 2289 167 2342 ¹2⁰
180 2291 304 2349 mentius
323 2291 445 2348 risimus.
486 2289 531 2348 Ex
554 2289 610 2349 hoo
629 2296 735 2367 genere
754 2299 797 2348 eet
817 2290 867 2349 illa
884 2290 960 2349 Rue·

180 2385 265 2444 oiaua
283 2374 406 2445 imitatio
425 2385 518 2444 senis:
544 2385 643 2445 “Tibi
662 2405 727 2464 ego,
747 2386 886 2463 Antipho,
907 2386 959 2445 han

180 2482 272 2553 eer0,”
293 2481 401 2556 inquit:
425 2480 536 2538 aenium
560 2491 613 2556 eat,
634 2500 701 2540 oum
727 2471 821 2539 audio.
862 2481 959 2558 Atque

180 2577 221 2636 ita
245 2587 288 2636 eet
313 2586 404 2634 totum
430 2577 485 2634 hoo
511 2576 573 2652 ipso
602 2595 708 2654 genere
737 2577 900 2650 ridiculum,
926 2585 959 2636 ut

180 2673 344 2733 cautissime
363 2671 544 2732 traotandum
563 2671 608 2731 eit.
648 2671 803 2731 Mimorum
823 2683 866 2731 eet
879 2673 958 2732 enim

134 2779 166 2832 25
179 2759 386 2848 ethologorum,
413 2769 438 2828 ei
462 2769 554 2828 nimia
577 2777 621 2827 eet
649 2769 780 2843 imitatio,
806 2769 882 2829 siout
907 2769 958 2828 ob-

178 2866 321 2926 tooenitaa.
360 2866 465 2925 Orator
485 2866 619 2944 surripiat
635 2877 747 2943 oportet
758 2866 957 2939 imitationem,

178 2971 212 3022 ut
230 2962 264 3035 ie,
285 2961 334 3040 qui
361 2963 466 3037 audiat,
490 2963 599 3041 cogitet
622 2963 713 3042 plura,
734 2982 819 3040 qoam
845 2963 956 3024 rideat:

176 3068 291 3142 presto
316 3059 393 3121 iden
418 3060 625 3141 ingenuitatem
650 3073 681 3122 et
704 3062 837 3122 roborem
862 3079 957 3137 enum,
