2167 3525
158 261 214 319 154
475 269 518 316 DE
539 268 702 318 ORATORE.
891 265 929 324 [L.
939 263 983 312 111.

202 420 317 477 tationis
344 430 428 495 etque
461 419 571 477 surium
604 417 702 488 ceusu,
731 414 983 492 (quemadmodum

106 527 114 542 ⁰
202 515 301 573 scribit
327 515 484 592 discipulus
507 515 568 592 ejus
589 513 762 592 Naucrates)
784 511 910 569 numeris
938 511 985 568 ad·

201 613 361 690 stringeret
401 612 535 688 Namque
555 611 617 668 hmo
637 611 700 668 duo*
713 608 826 680 musici,
841 608 890 684 qui
903 618 985 665 erant

201 708 345 784 quondam
366 709 451 766 iidem
471 713 574 784 poetae,
588 705 743 764 machinati
765 707 799 764 sd
813 704 984 780 voluptatem

169 817 276 876 esunt,
303 800 415 862 versum
449 814 532 879 etque
565 812 691 873 cantum,
719 813 750 860 nt
777 813 805 859 ct
834 802 984 860 verborum

201 920 330 972 numero,
352 911 381 958 et
400 918 501 959 vocum
526 899 619 970 modo,
644 897 861 978 [delectatione]
889 898 985 955 vince-

201 1008 265 1054 rent
285 998 395 1056 curium
417 997 585 1066 sutietatem,
627 996 702 1054 Hreo
719 995 805 1072 igitur
819 995 877 1054 duo
892 994 984 1074 (socie

201 1095 268 1151 dico
281 1093 515 1164 moderationem,
529 1103 559 1150 et
569 1093 724 1150 ‘verborum
742 1091 983 1170 conclusionem),

201 1191 295 1266 quood
315 1190 450 1247 orationis
479 1189 614 1246 severitas
633 1189 692 1265 pati
711 1189 810 1264 possit,
832 1189 983 1264 epotum

155 1303 185 1352 ιο
202 1288 237 1345 cd
251 1287 441 1362 eloquentiam
456 1285 632 1343 traducenda
646 1285 794 1344 duxerunt.

240 1383 275 1440 ln
288 1401 346 1458 quo
365 1383 434 1441 illud
454 1392 497 1439 est
510 1381 554 1439 vel
574 1381 738 1454 maximum,
753 1381 830 1457 quod
843 1401 942 1440 versus
954 1381 983 1440 in

103 1530 105 1533 .
202 1481 332 1539 oratione
363 1479 387 1537 si
423 1480 547 1537 efficitur
582 1478 787 1554 conjunctione
823 1479 983 1551 verborum,

201 1578 299 1635 vitium
314 1587 373 1647 est3
394 1587 536 1634 ettamen
556 1593 619 1632 cam
639 1575 884 1652 conjunctionem,
898 1575 984 1634 sicuti

200 1691 323 1745 versum,
337 1691 488 1731 numerose
508 1674 622 1742 cedere,
636 1683 666 1730 et
680 1673 827 1748 quadrare,
843 1683 871 1730 et
883 1673 983 1749 perfici

155 1788 185 1835 15
200 1771 336 1829 volumus.
390 1770 495 1846 Neque
521 1781 564 1828 est
591 1788 625 1828 ex
648 1770 745 1828 multis
767 1788 814 1827 res
832 1790 900 1843 uua,
921 1789 984 1846 quse

200 1867 291 1943 magis
311 1877 451 1923 oratorem
473 1866 509 1925 ob
528 1867 662 1941 imperito
681 1866 805 1938 dicendi,
827 1867 985 1944 ignaroque

201 1963 366 2040 distinguat,
377 1981 460 2038 quem
475 1962 552 2037 quod
565 1962 613 2019 ille
627 1962 705 2019 rudis
719 1962 865 2021 incondite
880 1962 983 2036 fundit,

200 2070 338 2136 quantum
356 2068 458 2131 potest,
479 2071 509 2117 et
528 2058 567 2130 id,
588 2058 665 2139 quod
683 2058 772 2131 uicit,
793 2060 903 2135 spiritu,
924 2077 985 2117 non

203 2168 272 2229 erte,
293 2156 478 2227 determinat;
500 2166 596 2213 orator
624 2165 718 2212 eutem
745 2156 787 2213 sic
811 2156 902 2233 illigat
921 2176 985 2215 seu·

153 2269 186 2318 20
200 2255 319 2311 tentiam
345 2253 448 2325 verbis,
468 2264 500 2311 ut
520 2270 583 2310 eam
611 2270 730 2309 numero
756 2253 879 2327 quodem
907 2272 986 2311 coru·

200 2350 349 2426 plectatur,
376 2361 406 2409 et
437 2350 553 2408 astricto
586 2359 614 2407 et
647 2348 748 2408 soluto.
801 2348 888 2422 Nem,
916 2369 985 2409 oum

199 2448 289 2505 vinxit
302 2448 395 2505 modis
408 2457 437 2505 et
455 2446 556 2517 sormi,
570 2446 678 2505 relaxet
691 2457 719 2503 et
732 2446 833 2505 liberat
854 2448 985 2506 immute-
1070 2508 1071 2527 ,

201 2547 278 2604 tione
298 2547 416 2617 ordinis,
431 2556 462 2601 ut
476 2546 561 2601 verbe
579 2552 674 2619 neque
695 2546 810 2623 alligata
829 2546 886 2605 siut
902 2548 985 2622 quusi

201 2644 280 2701 certet
308 2642 402 2717 uliqut
427 2641 492 2717 lege
515 2640 622 2713 versus,
643 2660 736 2722 neque
763 2643 803 2701 ite
829 2643 931 2716 soluto,
952 2653 985 2701 ut

152 2741 185 2788 ᾖ
199 2749 344 2817 vagentur.

237 2930 329 2989 XLV.
359 2931 497 2993 Quonam
517 2932 604 3007 igitur
630 2932 715 2989 modo
747 2942 857 2991 tuntum
877 2952 985 2992 munus

200 3028 371 3099 insistemus,
382 3039 414 3085 ut
426 3029 592 3085 arbitremur
606 3046 658 3085 nos
672 3028 747 3087 huno
760 3030 817 3089 vim
832 3048 984 3089 numerose
