2167 3525
141 278 221 339 nn]
423 278 466 325 m:
488 278 652 327 ommno
929 269 968 329 m

140 436 246 485 vocant
265 430 491 499 Hopovopoutov,
512 436 545 485 ut
561 426 743 500 Militum,
756 426 922 487 numium

139 522 231 593 Cut03
253 532 310 595 eut,
323 532 355 581 ut
375 522 460 595 idern,
475 542 542 581 eum
563 524 677 581 cuidam
697 524 824 599 dixisset,
837 531 857 558 “
866 523 921 583 En·

139 638 204 677 mus
227 620 478 691 deambulatum;''
508 630 537 677 et
560 620 619 693 ille,
641 628 660 654 ‘⁴
668 620 751 683 Quid
774 640 846 698 opus
868 620 921 679 suit

140 714 217 775 Μ’
258 715 378 774 “Immo
404 718 500 789 vero,”
525 717 628 793 inquit,
652 717 749 793 “quid
772 736 844 794 opus
867 716 921 775 suit

140 813 211 869 te?''
245 822 294 871 aut
314 812 447 889 ejusdem
479 814 627 889 responsio
660 813 719 886 illu,
747 813 809 871 “Si
834 824 865 872 tu
891 822 951 871 ett

139 908 282 981 adversus,
297 919 463 982 maveteus,
478 910 641 987 impudicus
656 912 714 968 ee.”

176 1004 273 1063 Etiam
299 1005 497 1083 interpretatio
522 1006 648 1064 nominis
674 1006 760 1065 habet
786 1024 918 1080 onumen,

136 1120 202 1159 oum
232 1102 267 1160 od
293 1101 448 1161 ridieulum
481 1113 642 1175 convertus,
668 1103 850 1179 quamobrem
879 1104 919 1162 itu

137 1198 200 1274 quie
219 1209 352 1270 uooetur;
374 1210 405 1257 ut
425 1218 480 1277 ego
498 1218 600 1275 nuper,
621 1199 789 1259 Nummium
816 1200 919 1259 diviso·

136 1313 206 1368 rem,
224 1305 255 1353 ut
274 1294 498 1371 Neoptolemum
519 1296 555 1353 nd
575 1295 704 1372 Troiam,
724 1296 768 1355 sio
787 1296 867 1355 illum
888 1296 918 1354 iu
933 1305 964 1356 10

136 1389 246 1466 Campo
260 1389 366 1449 Martio
380 1410 484 1449 nomen
498 1390 649 1449 invenisse.

176 1581 282 1639 LXIV.
315 1583 411 1657 Atque
432 1582 493 1639 haee
507 1582 606 1640 omnin
618 1582 705 1639 verbo
725 1582 915 1645 eontinentur.

136 1678 219 1753 Saepe
242 1678 328 1736 etiam
350 1695 448 1735 versus
474 1678 568 1737 facete
594 1678 793 1754 interponitur,
817 1679 860 1738 vel
884 1689 916 1737 ut

134 1784 186 1845 eet,
207 1775 250 1832 vel
269 1775 416 1851 paululum
443 1774 626 1846 immutatum
654 1786 702 1834 unt
729 1777 824 1853 aliquo
847 1796 914 1854 pers
984 1839 987 1844 ,

133 1871 239 1943 tersius,
261 1882 292 1930 ut
312 1872 420 1930 Statius
440 1873 552 1931 Scauro
569 1873 776 1943 stomachanti;
800 1892 836 1932 ex
856 1891 914 1950 quo
930 1885 960 1935 15

133 1980 199 2025 sunt
211 1968 351 2040 nonnulii,
367 1969 415 2044 qui
428 1979 506 2026 tuam
520 1969 614 2047 legem
627 1969 663 2026 de
677 1970 792 2028 ciuitate
804 1980 912 2043 notum,

133 2064 245 2137 Creme,
259 2065 373 2124 dieunt:

162 2191 176 2216 “
186 2187 225 2249 St,
235 2193 323 2249 tacete,
334 2187 392 2250 quid
403 2187 450 2236 hoo
462 2187 595 2236 clamoris?
609 2188 698 2250 quibos
708 2202 756 2235 nec
766 2193 854 2248 meter,
864 2201 912 2236 nee

185 2347 266 2396 Tannt
277 2273 432 2396 mireum
447 2347 523 2394 estis?
544 2346 639 2394 auferte
655 2346 728 2394 istam
744 2347 811 2395 enim
827 2363 910 2411 euper-

275 2426 367 2474 binm.”

130 2544 207 2602 Nam
227 2544 256 2602 in
276 2543 369 2602 Coetio
388 2562 456 2602 sene
476 2542 563 2602 etiam
583 2543 619 2602 ad
639 2562 755 2602 eausam
773 2544 843 2603 utile
856 2545 910 2603 suit
925 2557 956 2606 2⁰

130 2651 210 2704 tuum
237 2640 317 2713 illud,
344 2640 464 2712 Antoni,
492 2659 560 2698 oum
586 2641 635 2698 ille
661 2660 731 2699 nse
756 2641 910 2716 pecuniam

129 2737 286 2812 proiectam
306 2736 415 2794 diceret
434 2737 575 2807 testis‚‘et
594 2738 710 2794 haberet
730 2737 820 2794 filium
840 2735 909 2796 deti·

131 2834 275 2906 cariorem,
290 2834 411 2896 abeunte
422 2833 480 2910 jum
494 2834 554 2906 illo,

201 2966 217 2992 ¹‘
225 2963 331 3012 Senti'n’
342 2977 428 3010 eonem
437 2977 492 3011 eure
502 2968 598 3011 nomm
607 2964 710 3028 tn'g'mte
720 2964 810 3012 minin?
819 2965 834 2985 ’'

207 3061 271 3104 ron.
286 3063 317 3104 rr.
434 3044 454 3102 t
