2167 3525
153 231 210 295 1oe
470 242 514 289 nn
535 240 699 287 onsuour.
886 236 984 297 [nun

194 392 275 451 nium
295 391 444 466 variosque
464 406 613 447 sermones
636 387 843 447 immortalitati
864 386 985 463 scriptis

194 488 254 547 suis
273 487 356 545 Plato
378 487 505 560 tradidit,
525 506 593 545 cum
619 487 681 562 ipse
707 486 819 543 literam
842 485 983 542 Socrates

193 584 302 645 nullam
321 584 489 660 reliquisset.
531 583 611 641 Hinc
631 582 784 640 discidium
804 580 875 638 illud
894 581 983 639 exsti-

194 681 230 740 tit
247 681 327 757 qussi
346 681 452 758 lingum
473 690 557 756 atque
577 678 680 750 cordis,
695 677 847 736 absurdum
867 687 983 736 sancet

166 778 297 836 5inutile
316 786 345 834 et
364 776 640 853 reprehendendum,
660 784 693 835 ut
713 774 762 833 alii
788 790 842 832 nos
866 792 980 850 supere,

195 874 243 933 alii
263 874 360 931 dicere
379 872 526 931 docerent.
573 871 661 944 Nam,
681 890 749 929 cum
767 881 863 929 essent
882 871 982 947 plnres

195 970 251 1027 orti
277 968 337 1027 sere
364 988 380 1027 a
407 969 538 1041 Socrate,
562 967 649 1043 quod,
673 984 710 1025 ex
731 967 809 1025 illins
830 967 927 1039 variis,
949 978 983 1026 et

196 1064 324 1138 diversis,
338 1075 367 1123 et
380 1065 411 1124 iu
423 1082 539 1123 omnem
553 1074 663 1140 partem
683 1063 794 1121 diffusis
813 1062 982 1140 disputatio-

196 1162 292 1235 nibus,
313 1162 384 1220 alius
412 1161 488 1219 aliud
504 1160 753 1238 =spprehenderat3
778 1160 981 1236 proseminatae

152 1276 183 1325 10
197 1268 264 1319 sunt
288 1258 371 1335 quasi
403 1256 517 1316 familie
550 1256 751 1315 dissentientes
782 1257 857 1315 inter
882 1276 925 1329 se,
949 1267 981 1315 et

197 1356 317 1417 multum
332 1356 481 1433 disjuncte
495 1364 524 1412 ct
537 1354 674 1432 dispares,
688 1372 754 1413 oum
769 1363 865 1412 tomen
879 1372 981 1413 omues

197 1472 229 1513 se
241 1452 402 1532 philosophi
423 1452 588 1512 Socraticos
606 1461 636 1509 et
655 1450 714 1513 dici
732 1451 847 1523 vellent,
866 1460 896 1509 et
914 1468 980 1511 esse

199 1551 409 1610 arbitrarentur.

235 1742 333 1804 XVII.
364 1744 411 1802 Ac
423 1743 517 1820 primo
534 1743 571 1802 ab
591 1740 653 1820 ipso
672 1741 791 1802 Platone
810 1741 981 1802 Aristoteles
1073 1762 1074 1813 3

153 1855 184 1905 15
196 1850 224 1906 et
247 1840 443 1909 Xenocrates;
470 1857 591 1914 quorum
618 1839 688 1898 ulter
714 1839 979 1916 Peripateticorum,

197 1936 269 1996 ulter
301 1935 468 1993 Academiae
501 1953 606 1993 nornen
639 1934 779 1993 obtinuit:
812 1935 916 1994 deinde
942 1936 981 1994 ah

197 2031 380 2105 Antisthene,
393 2031 443 2109 qui
455 2030 623 2108 patientiam
642 2041 673 2089 et
685 2031 819 2090 duritiem
833 2031 862 2091 in
876 2033 980 2091 Socra·

197 2131 257 2190 tico
269 2147 400 2190 sermone
413 2129 535 2187 maxime
555 2128 709 2201 adamdrat
723 2128 827 2205 Cynici
845 2129 977 2205 primum,

198 2227 302 2286 deinde
329 2226 439 2286 Stoici:
473 2236 534 2284 tum
561 2225 598 2284 sb
622 2225 779 2302 Aristippo,
805 2243 890 2301 quem
922 2226 978 2284 itte

153 2334 184 2386 23
198 2323 289 2402 magis
308 2323 472 2399 voluptariae
493 2322 699 2398 disputationes
718 2322 902 2394 delectirant,
922 2322 978 2398 Cy·

198 2422 315 2478 rensics
337 2418 517 2497 philosophis
542 2419 677 2490 manarit,
697 2437 781 2494 quam
800 2419 849 2476 illc
867 2428 897 2476 et
915 2419 979 2496 ejus

196 2514 303 2592 posteri
329 2513 496 2591 simpliciter
529 2513 727 2586 defenderunt,
760 2515 791 2587 ii,
818 2515 866 2591 qui
900 2533 978 2575 nunc

197 2613 338 2689 voluptate
355 2611 453 2669 omniu
472 2610 638 2683 metiuntur,
652 2611 720 2668 dnm
740 2613 929 2671 verecundius
948 2614 979 2671 id

198 2719 296 2788 egunt,
328 2726 384 2766 nec
416 2707 549 2786 dignitati
580 2707 769 2780 satisfaciunt,
802 2728 887 2785 quarn
918 2728 977 2767 non

152 2821 183 2870 ᾔ
198 2814 392 2882 aspernantur,
407 2821 462 2864 uec
482 2803 654 2879 voluptatem
669 2814 799 2887 tuentur,
816 2823 900 2881 qnam
921 2825 979 2864 arn-

197 2900 304 2979 plorur‘i
318 2901 424 2960 volunt.
793 2893 796 2900 ’

236 2997 366 3058 Fuerunt
378 2998 464 3058 ctiam
479 2997 535 3056 alis
551 3015 658 3076 genera
669 2997 913 3075 philosophorum,
927 3001 976 3076 qui
