2167 3525
134 253 175 331 dd
450 282 494 331 on
515 282 678 332 omronn
877 280 916 343 [c.
925 278 957 329 11.

178 429 266 490 ceteri
287 428 440 507 accipiunt,
458 450 545 510 posse
570 431 693 491 ducere:
721 430 771 491 sed
798 430 958 491 &mundo-

177 544 243 587 nom
263 528 354 606 iungis
375 547 459 605 quam
485 530 575 588 risum
600 538 705 602 moret,
721 527 781 587 nisi
801 526 959 606 siquando

178 623 280 685 incidit
294 626 324 685 in
338 626 415 685 uliud
429 646 520 705 genus
533 626 657 687 ridiculi.

216 816 329 877 LXIII.
358 819 435 882 Quae
468 832 575 898 genere
609 824 774 897 percurram
808 818 957 895 equidem:

148 914 228 970 bned
248 913 327 972 scitis
346 934 409 973 esse
429 915 610 974 notissimum
629 914 745 974 ridiculi
770 932 871 992 genun
891 930 959 972 cum

178 1008 254 1067 uliud
275 1022 481 1088 exspectamus,
496 1012 574 1071 eliud
591 1012 704 1071 dicitur.
744 1010 805 1069 Hic
816 1010 960 1069 nobismet

178 1105 248 1183 ipsis
274 1118 371 1167 noster
397 1126 475 1167 error
501 1108 590 1166 risum
617 1118 718 1167 moret
757 1107 846 1170 Quod
866 1106 892 1165 si
912 1106 960 1165 ud·

178 1202 308 1263 mixtum*
324 1214 368 1263 cst
394 1205 480 1264 etiem
510 1205 686 1283 unbiguum,
712 1205 745 1263 fit
776 1204 894 1276 sulsius3
927 1212 960 1262 ut

179 1301 254 1377 opud
274 1300 406 1361 Nerium
426 1302 537 1361 ridetur
557 1320 621 1361 esse
644 1301 807 1360 misericors
833 1301 891 1375 ille,
910 1300 959 1378 qui

134 1405 165 1455 1⁰
175 1397 335 1475 judicatum
355 1399 422 1457 duci
442 1398 529 1472 videt,
548 1409 732 1476 percontatus
751 1399 802 1471 itu,
820 1396 959 1459 “Quanti

180 1494 330 1554 addictusl
357 1496 434 1554 mille
454 1497 630 1555 nummdm.”
671 1496 704 1555 Si
725 1495 879 1555 addidisset
898 1491 959 1551 tan:

179 1591 337 1664 tummcdo,
366 1592 493 1651 “Duces
518 1593 588 1651 licet
595 1594 627 1665 ;’¹
661 1603 736 1651 esset
768 1592 841 1651 illud·
868 1608 959 1669 genus

178 1676 293 1743 ridiculi
312 1695 413 1760 preter
433 1687 692 1764 exspectationem:
713 1685 773 1757 sed,
794 1685 862 1762 quic
882 1684 960 1742 eddi·

178 1778 229 1852 dit,
244 1779 355 1838 “Nihil
370 1781 459 1840 addo:
480 1781 688 1852 ducnslicet;’'
710 1781 805 1840 addito
816 1781 958 1857 ambiguo,

133 1885 164 1936 15
178 1875 266 1934 ulterc
285 1893 391 1954 genere
410 1876 535 1950 ridiculi,
550 1877 613 1950 luit,
627 1888 659 1935 ut
671 1877 742 1935 milri
754 1877 869 1952 quidem
882 1876 959 1934 vide·

176 1981 233 2044 tur,
251 1971 444 2030 salsissimum:
485 1971 553 2030 Hoc
572 1982 642 2030 tumr
653 1982 697 2030 est
715 1971 957 2045 venustissimum,

177 2069 288 2127 cumin
305 2068 489 2127 altercatione
511 2069 641 2146 arripitur
662 2069 697 2127 ub
718 2067 879 2126 edversario
897 2087 958 2126 ver·

177 2163 255 2236 bum,
270 2173 299 2222 ct
312 2181 348 2222 ex
360 2180 405 2235 eo,
418 2173 452 2222 ut
465 2181 482 2222 n
494 2163 599 2222 Catulo
612 2163 644 2221 in
660 2163 832 2239 Philippum,
847 2163 877 2222 in
890 2181 957 2221 euru

164 2257 271 2334 ³ipsum
298 2257 412 2334 aliquid,
440 2258 489 2334 qui
519 2258 672 2331 lacessivit,
698 2258 845 2337 infligitur.
898 2259 957 2316 Sed

131 2361 163 2412 20
178 2371 244 2411 curn
267 2353 349 2429 plura
371 2353 428 2412 sint
452 2353 578 2432 ambigui
600 2373 716 2432 genero,
730 2354 766 2412 dc
788 2355 892 2430 quibus
913 2364 957 2412 est
1071 2352 1072 2363 ¹

178 2447 308 2508 doctrino
327 2449 456 2524 quedem
483 2450 629 2520 subtilior:
657 2450 802 2508 attendere
821 2460 851 2508 et
871 2467 958 2507 nucu·

176 2545 237 2621 pori
257 2545 343 2604 verbs
361 2544 519 2621 oportebit:
547 2545 577 2602 in
602 2561 668 2621 quo,
688 2555 721 2603 ut
745 2563 790 2616 eu,
810 2563 874 2621 qum
893 2545 958 2604 'sint

177 2640 333 2720 frigidiore,
359 2642 479 2700 vitemus
507 2639 626 2719 (etenim
654 2640 813 2700 carendum
837 2652 891 2715 est,
918 2661 958 2702 ne

178 2738 343 2797 arcessitum
375 2738 484 2796 dictum
515 2740 655 2820 putetur),
687 2740 828 2816 permulto
859 2750 956 2799 umen
1071 2766 1072 2769 ¹

131 2847 164 2900 25
178 2841 262 2894 acute
273 2835 410 2894 dicemus.
1071 2846 1072 2853 ¹

215 2929 346 2990 Alterum
366 2949 457 3009 genus
476 2940 528 3003 est,
543 2930 619 3007 quod
639 2930 724 2990 hebet
742 2949 857 3009 perram
876 2933 959 2992 verbi

178 3027 413 3104 inmutuionem,
432 3027 520 3106 quod,
540 3027 571 3088 in
597 3028 680 3088 literl
704 3029 840 3108 positum,
858 3029 955 3092 (ituci
