<?xml version="1.0" encoding="UTF-8"?>
<!DOCTYPE html PUBLIC "-//W3C//DTD XHTML 1.0 Transitional//EN"
    "http://www.w3.org/TR/xhtml1/DTD/xhtml1-transitional.dtd">
<html xmlns="http://www.w3.org/1999/xhtml" xml:lang="en" lang="en">
 <head>
  <title>
</title>
<meta http-equiv="Content-Type" content="text/html;charset=utf-8" />
  <meta name='ocr-system' content='tesseract 3.04.00' />
  <meta name='ocr-capabilities' content='ocr_page ocr_carea ocr_par ocr_line ocrx_word'/>
</head>
<body>
  <div class='ocr_page' id='page_1' title='image "./mtciceronisadqu03dillgoog_0172.png"; bbox 0 0 2167 3525; ppageno 0'>
   <div class='ocr_carea' id='block_1_1' title="bbox 156 287 975 359">
    <p class='ocr_par' dir='ltr' id='par_1_1' title="bbox 156 287 975 359">
     <span class='ocr_line' id='line_1_1' title="bbox 156 287 975 359; baseline 0.002 -16"><span class='ocrx_word' id='word_1_1' title='bbox 156 287 212 349; x_wconf 81' lang='lat'><strong>166</strong></span> <span class='ocrx_word' id='word_1_2' title='bbox 468 298 512 346; x_wconf 82' lang='lat' dir='ltr'><strong>nn</strong></span> <span class='ocrx_word' id='word_1_3' title='bbox 534 297 697 346; x_wconf 78' lang='lat' dir='ltr'><strong>onxnonn</strong></span> <span class='ocrx_word' id='word_1_4' title='bbox 881 297 975 359; x_wconf 70' lang='lat' dir='ltr'><strong>(nm.</strong></span> 
     </span>
    </p>
   </div>
   <div class='ocr_carea' id='block_1_2' title="bbox 197 445 977 816">
    <p class='ocr_par' dir='ltr' id='par_1_2' title="bbox 197 445 977 816">
     <span class='ocr_line' id='line_1_2' title="bbox 199 445 977 522; baseline -0.003 -14"><span class='ocrx_word' id='word_1_5' title='bbox 199 449 353 520; x_wconf 80' lang='lat' dir='ltr'><strong>lenitatem,</strong></span> <span class='ocrx_word' id='word_1_6' title='bbox 373 457 402 505; x_wconf 91' lang='lat' dir='ltr'><strong>et</strong></span> <span class='ocrx_word' id='word_1_7' title='bbox 422 463 615 519; x_wconf 89' lang='lat' dir='ltr'><strong>numerorum,</strong></span> <span class='ocrx_word' id='word_1_8' title='bbox 635 463 719 522; x_wconf 86' lang='lat' dir='ltr'><strong>quam</strong></span> <span class='ocrx_word' id='word_1_9' title='bbox 746 445 814 518; x_wconf 85' lang='lat' dir='ltr'><strong>dixi,</strong></span> <span class='ocrx_word' id='word_1_10' title='bbox 835 447 977 506; x_wconf 69' lang='lat' dir='ltr'><strong>radonem</strong></span> 
     </span>
     <span class='ocr_line' id='line_1_3' title="bbox 197 543 977 621; baseline -0.003 -17"><span class='ocrx_word' id='word_1_11' title='bbox 197 544 381 616; x_wconf 86' lang='lat' dir='ltr'><strong>tenuerimus,</strong></span> <span class='ocrx_word' id='word_1_12' title='bbox 395 553 455 604; x_wconf 87' lang='lat' dir='ltr'><strong>turn</strong></span> <span class='ocrx_word' id='word_1_13' title='bbox 468 554 513 602; x_wconf 87' lang='lat' dir='ltr'><strong>est</strong></span> <span class='ocrx_word' id='word_1_14' title='bbox 526 544 607 620; x_wconf 82' lang='lat' dir='ltr'><strong>quasi</strong></span> <span class='ocrx_word' id='word_1_15' title='bbox 627 543 781 602; x_wconf 82' lang='lat' dir='ltr'><strong>luminibus</strong></span> <span class='ocrx_word' id='word_1_16' title='bbox 800 544 977 621; x_wconf 74' lang='lat' dir='ltr'><strong>distinguent·</strong></span> 
     </span>
     <span class='ocr_line' id='line_1_4' title="bbox 198 639 977 718; baseline 0 -18"><span class='ocrx_word' id='word_1_17' title='bbox 198 643 235 700; x_wconf 88' lang='lat' dir='ltr'><strong>da</strong></span> <span class='ocrx_word' id='word_1_18' title='bbox 253 652 282 700; x_wconf 91' lang='lat' dir='ltr'><strong>et</strong></span> <span class='ocrx_word' id='word_1_19' title='bbox 303 641 507 718; x_wconf 82' lang='lat' dir='ltr'><strong>frequentnuda</strong></span> <span class='ocrx_word' id='word_1_20' title='bbox 530 640 624 701; x_wconf 87' lang='lat' dir='ltr'><strong>omnis</strong></span> <span class='ocrx_word' id='word_1_21' title='bbox 646 639 747 713; x_wconf 86' lang='lat' dir='ltr'><strong>oratio,</strong></span> <span class='ocrx_word' id='word_1_22' title='bbox 769 641 977 700; x_wconf 78' lang='lat' dir='ltr'><strong>sententiarum</strong></span> 
     </span>
     <span class='ocr_line' id='line_1_5' title="bbox 198 739 452 816; baseline -0.008 -18"><span class='ocrx_word' id='word_1_23' title='bbox 198 742 282 816; x_wconf 87' lang='lat' dir='ltr'><strong>atque</strong></span> <span class='ocrx_word' id='word_1_24' title='bbox 294 739 452 796; x_wconf 79' lang='lat' dir='ltr'><strong>verborum.</strong></span> 
     </span>
    </p>
   </div>
   <div class='ocr_carea' id='block_1_3' title="bbox 146 930 976 2260">
    <p class='ocr_par' dir='ltr' id='par_1_3' title="bbox 164 930 976 1396">
     <span class='ocr_line' id='line_1_6' title="bbox 164 930 976 1009; baseline 0.001 -18"><span class='ocrx_word' id='word_1_25' title='bbox 164 939 181 990; x_wconf 80' lang='lat'><strong>5</strong></span> <span class='ocrx_word' id='word_1_26' title='bbox 234 930 313 991; x_wconf 89' lang='lat' dir='ltr'><strong>LIII.</strong></span> <span class='ocrx_word' id='word_1_27' title='bbox 334 931 410 991; x_wconf 88' lang='lat' dir='ltr'><strong>Nam</strong></span> <span class='ocrx_word' id='word_1_28' title='bbox 421 943 451 990; x_wconf 87' lang='lat' dir='ltr'><strong>et</strong></span> <span class='ocrx_word' id='word_1_29' title='bbox 460 932 646 991; x_wconf 77' lang='lat' dir='ltr'><strong>commoratio</strong></span> <span class='ocrx_word' id='word_1_30' title='bbox 654 933 712 990; x_wconf 77' lang='lat' dir='ltr'><strong>uni</strong></span> <span class='ocrx_word' id='word_1_31' title='bbox 722 932 751 990; x_wconf 86' lang='lat' dir='ltr'><strong>lu</strong></span> <span class='ocrx_word' id='word_1_32' title='bbox 763 947 793 990; x_wconf 85' lang='lat' dir='ltr'><strong>re</strong></span> <span class='ocrx_word' id='word_1_33' title='bbox 802 932 976 1009; x_wconf 85' lang='lat' dir='ltr'><strong>permultum</strong></span> 
     </span>
     <span class='ocr_line' id='line_1_7' title="bbox 195 1028 975 1106; baseline 0.001 -19"><span class='ocrx_word' id='word_1_34' title='bbox 195 1040 299 1102; x_wconf 84' lang='lat' dir='ltr'><strong>movet,</strong></span> <span class='ocrx_word' id='word_1_35' title='bbox 319 1039 348 1087; x_wconf 87' lang='lat' dir='ltr'><strong>et</strong></span> <span class='ocrx_word' id='word_1_36' title='bbox 372 1028 489 1087; x_wconf 89' lang='lat' dir='ltr'><strong>illustris</strong></span> <span class='ocrx_word' id='word_1_37' title='bbox 514 1029 685 1106; x_wconf 77' lang='lat' dir='ltr'><strong>explanatio,</strong></span> <span class='ocrx_word' id='word_1_38' title='bbox 712 1043 872 1104; x_wconf 88' lang='lat' dir='ltr'><strong>rerumque,</strong></span> <span class='ocrx_word' id='word_1_39' title='bbox 893 1031 975 1105; x_wconf 85' lang='lat' dir='ltr'><strong>quasi</strong></span> 
     </span>
     <span class='ocr_line' id='line_1_8' title="bbox 194 1125 975 1205; baseline 0 -21"><span class='ocrx_word' id='word_1_40' title='bbox 194 1136 339 1205; x_wconf 82' lang='lat' dir='ltr'><strong>gerantur,</strong></span> <span class='ocrx_word' id='word_1_41' title='bbox 359 1126 413 1184; x_wconf 84' lang='lat' dir='ltr'><strong>sub</strong></span> <span class='ocrx_word' id='word_1_42' title='bbox 433 1125 597 1203; x_wconf 71' lang='lat' dir='ltr'><strong>adspectum</strong></span> <span class='ocrx_word' id='word_1_43' title='bbox 623 1145 704 1203; x_wconf 80' lang='lat' dir='ltr'><strong>paene</strong></span> <span class='ocrx_word' id='word_1_44' title='bbox 727 1125 883 1202; x_wconf 77' lang='lat' dir='ltr'><strong>subjeeti03</strong></span> <span class='ocrx_word' id='word_1_45' title='bbox 910 1145 975 1202; x_wconf 75' lang='lat' dir='ltr'><strong>quaa</strong></span> 
     </span>
     <span class='ocr_line' id='line_1_9' title="bbox 194 1222 975 1300; baseline -0.001 -19"><span class='ocrx_word' id='word_1_46' title='bbox 194 1234 223 1281; x_wconf 88' lang='lat' dir='ltr'><strong>et</strong></span> <span class='ocrx_word' id='word_1_47' title='bbox 243 1222 272 1281; x_wconf 94' lang='lat' dir='ltr'><strong>in</strong></span> <span class='ocrx_word' id='word_1_48' title='bbox 292 1223 460 1300; x_wconf 78' lang='lat' dir='ltr'><strong>exponendt</strong></span> <span class='ocrx_word' id='word_1_49' title='bbox 480 1242 510 1281; x_wconf 91' lang='lat' dir='ltr'><strong>re</strong></span> <span class='ocrx_word' id='word_1_50' title='bbox 529 1223 681 1299; x_wconf 89' lang='lat' dir='ltr'><strong>plurimum</strong></span> <span class='ocrx_word' id='word_1_51' title='bbox 696 1223 779 1294; x_wconf 84' lang='lat' dir='ltr'><strong>valet,</strong></span> <span class='ocrx_word' id='word_1_52' title='bbox 793 1233 822 1282; x_wconf 90' lang='lat' dir='ltr'><strong>et</strong></span> <span class='ocrx_word' id='word_1_53' title='bbox 843 1223 879 1282; x_wconf 81' lang='lat' dir='ltr'><strong>ud</strong></span> <span class='ocrx_word' id='word_1_54' title='bbox 897 1223 975 1280; x_wconf 79' lang='lat' dir='ltr'><strong>illus-</strong></span> 
     </span>
     <span class='ocr_line' id='line_1_10' title="bbox 194 1317 973 1396; baseline 0 -20"><span class='ocrx_word' id='word_1_55' title='bbox 194 1319 325 1378; x_wconf 89' lang='lat' dir='ltr'><strong>trandum</strong></span> <span class='ocrx_word' id='word_1_56' title='bbox 339 1319 369 1377; x_wconf 91' lang='lat' dir='ltr'><strong>id</strong></span> <span class='ocrx_word' id='word_1_57' title='bbox 381 1320 456 1396; x_wconf 89' lang='lat' dir='ltr'><strong>quod</strong></span> <span class='ocrx_word' id='word_1_58' title='bbox 470 1319 629 1395; x_wconf 81' lang='lat' dir='ltr'><strong>exponitur,</strong></span> <span class='ocrx_word' id='word_1_59' title='bbox 640 1328 669 1376; x_wconf 88' lang='lat' dir='ltr'><strong>et</strong></span> <span class='ocrx_word' id='word_1_60' title='bbox 680 1319 714 1376; x_wconf 85' lang='lat' dir='ltr'><strong>ad</strong></span> <span class='ocrx_word' id='word_1_61' title='bbox 726 1317 952 1396; x_wconf 76' lang='lat' dir='ltr'><strong>amplificandum</strong></span> <span class='ocrx_word' id='word_1_62' title='bbox 963 1340 973 1391; x_wconf 86' lang='lat'><strong>;</strong></span> 
     </span>
    </p>

    <p class='ocr_par' dir='ltr' id='par_1_4' title="bbox 148 1415 974 1870">
     <span class='ocr_line' id='line_1_11' title="bbox 148 1415 974 1493; baseline 0.002 -21"><span class='ocrx_word' id='word_1_63' title='bbox 148 1423 179 1474; x_wconf 87' lang='lat'><strong>10</strong></span> <span class='ocrx_word' id='word_1_64' title='bbox 194 1425 225 1474; x_wconf 89' lang='lat' dir='ltr'><strong>ut</strong></span> <span class='ocrx_word' id='word_1_65' title='bbox 238 1415 282 1486; x_wconf 91' lang='lat' dir='ltr'><strong>iis,</strong></span> <span class='ocrx_word' id='word_1_66' title='bbox 297 1415 345 1491; x_wconf 94' lang='lat' dir='ltr'><strong>qui</strong></span> <span class='ocrx_word' id='word_1_67' title='bbox 366 1415 491 1489; x_wconf 86' lang='lat' dir='ltr'><strong>audient,</strong></span> <span class='ocrx_word' id='word_1_68' title='bbox 505 1415 585 1488; x_wconf 81' lang='lat' dir='ltr'><strong>illud,</strong></span> <span class='ocrx_word' id='word_1_69' title='bbox 598 1416 672 1492; x_wconf 89' lang='lat' dir='ltr'><strong>quod</strong></span> <span class='ocrx_word' id='word_1_70' title='bbox 695 1415 869 1493; x_wconf 78' lang='lat' dir='ltr'><strong>augebimus,</strong></span> <span class='ocrx_word' id='word_1_71' title='bbox 885 1433 974 1491; x_wconf 85' lang='lat' dir='ltr'><strong>quan·</strong></span> 
     </span>
     <span class='ocr_line' id='line_1_12' title="bbox 193 1509 972 1590; baseline 0 -20"><span class='ocrx_word' id='word_1_72' title='bbox 193 1521 253 1570; x_wconf 87' lang='lat' dir='ltr'><strong>tum</strong></span> <span class='ocrx_word' id='word_1_73' title='bbox 266 1509 380 1570; x_wconf 80' lang='lat' dir='ltr'><strong>efficere</strong></span> <span class='ocrx_word' id='word_1_74' title='bbox 393 1512 484 1570; x_wconf 87' lang='lat' dir='ltr'><strong>oratio</strong></span> <span class='ocrx_word' id='word_1_75' title='bbox 500 1511 612 1590; x_wconf 88' lang='lat' dir='ltr'><strong>poterit,</strong></span> <span class='ocrx_word' id='word_1_76' title='bbox 626 1521 735 1569; x_wconf 85' lang='lat' dir='ltr'><strong>tautum</strong></span> <span class='ocrx_word' id='word_1_77' title='bbox 749 1527 811 1568; x_wconf 84' lang='lat' dir='ltr'><strong>esse</strong></span> <span class='ocrx_word' id='word_1_78' title='bbox 823 1512 972 1570; x_wconf 77' lang='lat' dir='ltr'><strong>uideatur:</strong></span> 
     </span>
     <span class='ocr_line' id='line_1_13' title="bbox 192 1605 972 1684; baseline 0.004 -21"><span class='ocrx_word' id='word_1_79' title='bbox 192 1616 222 1664; x_wconf 84' lang='lat' dir='ltr'><strong>et</strong></span> <span class='ocrx_word' id='word_1_80' title='bbox 234 1605 303 1665; x_wconf 86' lang='lat' dir='ltr'><strong>huie</strong></span> <span class='ocrx_word' id='word_1_81' title='bbox 316 1607 458 1666; x_wconf 76' lang='lat' dir='ltr'><strong>contraria</strong></span> <span class='ocrx_word' id='word_1_82' title='bbox 476 1625 552 1683; x_wconf 81' lang='lat' dir='ltr'><strong>sape</strong></span> <span class='ocrx_word' id='word_1_83' title='bbox 570 1605 717 1683; x_wconf 76' lang='lat' dir='ltr'><strong>percursio</strong></span> <span class='ocrx_word' id='word_1_84' title='bbox 733 1617 788 1678; x_wconf 86' lang='lat' dir='ltr'><strong>est,</strong></span> <span class='ocrx_word' id='word_1_85' title='bbox 802 1617 830 1664; x_wconf 80' lang='lat' dir='ltr'><strong>et</strong></span> <span class='ocrx_word' id='word_1_86' title='bbox 849 1607 913 1684; x_wconf 89' lang='lat' dir='ltr'><strong>plus</strong></span> <span class='ocrx_word' id='word_1_87' title='bbox 934 1608 972 1666; x_wconf 86' lang='lat' dir='ltr'><strong>ad</strong></span> 
     </span>
     <span class='ocr_line' id='line_1_14' title="bbox 193 1701 971 1781; baseline 0.004 -21"><span class='ocrx_word' id='word_1_88' title='bbox 193 1701 417 1781; x_wconf 78' lang='lat' dir='ltr'><strong>intelligendum,</strong></span> <span class='ocrx_word' id='word_1_89' title='bbox 431 1720 516 1779; x_wconf 90' lang='lat' dir='ltr'><strong>quam</strong></span> <span class='ocrx_word' id='word_1_90' title='bbox 536 1701 651 1775; x_wconf 85' lang='lat' dir='ltr'><strong>dixeris,</strong></span> <span class='ocrx_word' id='word_1_91' title='bbox 671 1701 851 1781; x_wconf 71' lang='lat' dir='ltr'><strong>signifieatio,</strong></span> <span class='ocrx_word' id='word_1_92' title='bbox 866 1714 894 1762; x_wconf 86' lang='lat' dir='ltr'><strong>et</strong></span> <span class='ocrx_word' id='word_1_93' title='bbox 914 1704 971 1763; x_wconf 86' lang='lat' dir='ltr'><strong>dis·</strong></span> 
     </span>
     <span class='ocr_line' id='line_1_15' title="bbox 191 1796 970 1870; baseline 0.005 -16"><span class='ocrx_word' id='word_1_94' title='bbox 191 1796 281 1855; x_wconf 83' lang='lat' dir='ltr'><strong>tinete</strong></span> <span class='ocrx_word' id='word_1_95' title='bbox 303 1797 421 1855; x_wconf 87' lang='lat' dir='ltr'><strong>eoneisa</strong></span> <span class='ocrx_word' id='word_1_96' title='bbox 442 1798 573 1870; x_wconf 78' lang='lat' dir='ltr'><strong>brevitas,</strong></span> <span class='ocrx_word' id='word_1_97' title='bbox 600 1808 629 1855; x_wconf 88' lang='lat' dir='ltr'><strong>et</strong></span> <span class='ocrx_word' id='word_1_98' title='bbox 654 1797 826 1869; x_wconf 80' lang='lat' dir='ltr'><strong>extenuatio,</strong></span> <span class='ocrx_word' id='word_1_99' title='bbox 845 1809 875 1857; x_wconf 88' lang='lat' dir='ltr'><strong>et</strong></span> <span class='ocrx_word' id='word_1_100' title='bbox 901 1798 970 1859; x_wconf 88' lang='lat' dir='ltr'><strong>huio</strong></span> 
     </span>
    </p>

    <p class='ocr_par' dir='ltr' id='par_1_5' title="bbox 146 1892 971 2260">
     <span class='ocr_line' id='line_1_16' title="bbox 146 1892 971 1971; baseline 0.004 -20"><span class='ocrx_word' id='word_1_101' title='bbox 146 1907 176 1957; x_wconf 83' lang='lat'><strong>15</strong></span> <span class='ocrx_word' id='word_1_102' title='bbox 192 1892 325 1970; x_wconf 78' lang='lat' dir='ltr'><strong>adjuncta</strong></span> <span class='ocrx_word' id='word_1_103' title='bbox 344 1892 448 1966; x_wconf 90' lang='lat' dir='ltr'><strong>illusio,</strong></span> <span class='ocrx_word' id='word_1_104' title='bbox 462 1912 479 1953; x_wconf 93' lang='lat' dir='ltr'><strong>a</strong></span> <span class='ocrx_word' id='word_1_105' title='bbox 491 1894 641 1971; x_wconf 77' lang='lat' dir='ltr'><strong>preceptis</strong></span> <span class='ocrx_word' id='word_1_106' title='bbox 660 1892 782 1952; x_wconf 76' lang='lat' dir='ltr'><strong>Cetaria</strong></span> <span class='ocrx_word' id='word_1_107' title='bbox 796 1912 854 1953; x_wconf 91' lang='lat' dir='ltr'><strong>non</strong></span> <span class='ocrx_word' id='word_1_108' title='bbox 868 1894 971 1954; x_wconf 86' lang='lat' dir='ltr'><strong>abhor-</strong></span> 
     </span>
     <span class='ocr_line' id='line_1_17' title="bbox 190 1981 970 2068; baseline 0.004 -21"><span class='ocrx_word' id='word_1_109' title='bbox 190 2006 271 2048; x_wconf 90' lang='lat' dir='ltr'><strong>rens:</strong></span> <span class='ocrx_word' id='word_1_110' title='bbox 292 1999 321 2047; x_wconf 89' lang='lat' dir='ltr'><strong>et</strong></span> <span class='ocrx_word' id='word_1_111' title='bbox 333 1990 368 2047; x_wconf 88' lang='lat' dir='ltr'><strong>ab</strong></span> <span class='ocrx_word' id='word_1_112' title='bbox 381 2007 412 2048; x_wconf 88' lang='lat' dir='ltr'><strong>re</strong></span> <span class='ocrx_word' id='word_1_113' title='bbox 424 1992 510 2068; x_wconf 80' lang='lat' dir='ltr'><strong>longa</strong></span> <span class='ocrx_word' id='word_1_114' title='bbox 519 1981 680 2068; x_wconf 81' lang='lat' dir='ltr'><strong>degressio;</strong></span> <span class='ocrx_word' id='word_1_115' title='bbox 701 1988 798 2066; x_wconf 75' lang='lat' dir='ltr'><strong>inqut</strong></span> <span class='ocrx_word' id='word_1_116' title='bbox 808 2008 875 2050; x_wconf 83' lang='lat' dir='ltr'><strong>eum</strong></span> <span class='ocrx_word' id='word_1_117' title='bbox 883 1992 970 2051; x_wconf 87' lang='lat' dir='ltr'><strong>suerit</strong></span> 
     </span>
     <span class='ocr_line' id='line_1_18' title="bbox 190 2083 969 2162; baseline 0.004 -19"><span class='ocrx_word' id='word_1_118' title='bbox 190 2083 350 2159; x_wconf 82' lang='lat' dir='ltr'><strong>delectatio,</strong></span> <span class='ocrx_word' id='word_1_119' title='bbox 364 2096 424 2145; x_wconf 86' lang='lat' dir='ltr'><strong>tum</strong></span> <span class='ocrx_word' id='word_1_120' title='bbox 444 2086 552 2144; x_wconf 84' lang='lat' dir='ltr'><strong>reditus</strong></span> <span class='ocrx_word' id='word_1_121' title='bbox 572 2086 607 2143; x_wconf 83' lang='lat' dir='ltr'><strong>ud</strong></span> <span class='ocrx_word' id='word_1_122' title='bbox 627 2099 687 2143; x_wconf 88' lang='lat' dir='ltr'><strong>reru</strong></span> <span class='ocrx_word' id='word_1_123' title='bbox 708 2096 790 2162; x_wconf 87' lang='lat' dir='ltr'><strong>aptus</strong></span> <span class='ocrx_word' id='word_1_124' title='bbox 801 2096 831 2145; x_wconf 86' lang='lat' dir='ltr'><strong>et</strong></span> <span class='ocrx_word' id='word_1_125' title='bbox 850 2089 969 2149; x_wconf 78' lang='lat' dir='ltr'><strong>eonoin·</strong></span> 
     </span>
     <span class='ocr_line' id='line_1_19' title="bbox 189 2181 970 2260; baseline 0.001 -20"><span class='ocrx_word' id='word_1_126' title='bbox 189 2200 243 2240; x_wconf 89' lang='lat' dir='ltr'><strong>nus</strong></span> <span class='ocrx_word' id='word_1_127' title='bbox 262 2190 325 2240; x_wconf 82' lang='lat' dir='ltr'><strong>esse</strong></span> <span class='ocrx_word' id='word_1_128' title='bbox 345 2182 476 2241; x_wconf 88' lang='lat' dir='ltr'><strong>debebit:</strong></span> <span class='ocrx_word' id='word_1_129' title='bbox 495 2181 715 2260; x_wconf 77' lang='lat' dir='ltr'><strong>propositioque,</strong></span> <span class='ocrx_word' id='word_1_130' title='bbox 728 2182 797 2258; x_wconf 86' lang='lat' dir='ltr'><strong>quid</strong></span> <span class='ocrx_word' id='word_1_131' title='bbox 817 2182 856 2241; x_wconf 89' lang='lat' dir='ltr'><strong>sis</strong></span> <span class='ocrx_word' id='word_1_132' title='bbox 876 2183 970 2243; x_wconf 85' lang='lat' dir='ltr'><strong>diotu-</strong></span> 
     </span>
    </p>
   </div>
   <div class='ocr_carea' id='block_1_4' title="bbox 189 2278 1069 2356">
    <p class='ocr_par' dir='ltr' id='par_1_6' title="bbox 189 2278 1069 2356">
     <span class='ocr_line' id='line_1_20' title="bbox 189 2278 1069 2356; baseline 0.006 -21"><span class='ocrx_word' id='word_1_133' title='bbox 189 2295 246 2351; x_wconf 90' lang='lat' dir='ltr'><strong>rus,</strong></span> <span class='ocrx_word' id='word_1_134' title='bbox 269 2288 299 2337; x_wconf 87' lang='lat' dir='ltr'><strong>et</strong></span> <span class='ocrx_word' id='word_1_135' title='bbox 325 2280 361 2337; x_wconf 83' lang='lat' dir='ltr'><strong>ab</strong></span> <span class='ocrx_word' id='word_1_136' title='bbox 383 2296 427 2353; x_wconf 89' lang='lat' dir='ltr'><strong>eo,</strong></span> <span class='ocrx_word' id='word_1_137' title='bbox 450 2278 525 2356; x_wconf 90' lang='lat' dir='ltr'><strong>quod</strong></span> <span class='ocrx_word' id='word_1_138' title='bbox 549 2288 591 2337; x_wconf 88' lang='lat' dir='ltr'><strong>est</strong></span> <span class='ocrx_word' id='word_1_139' title='bbox 617 2278 735 2351; x_wconf 82' lang='lat' dir='ltr'><strong>dietum,</strong></span> <span class='ocrx_word' id='word_1_140' title='bbox 759 2279 909 2355; x_wconf 77' lang='lat' dir='ltr'><strong>sejunctio,</strong></span> <span class='ocrx_word' id='word_1_141' title='bbox 936 2290 968 2339; x_wconf 81' lang='lat' dir='ltr'><strong>et</strong></span> <span class='ocrx_word' id='word_1_142' title='bbox 1068 2296 1069 2303; x_wconf 56' lang='lat'>¹</span> 
     </span>
    </p>
   </div>
   <div class='ocr_carea' id='block_1_5' title="bbox 140 2374 967 2453">
    <p class='ocr_par' dir='ltr' id='par_1_7' title="bbox 140 2374 967 2453">
     <span class='ocr_line' id='line_1_21' title="bbox 140 2374 967 2453; baseline 0.002 -18"><span class='ocrx_word' id='word_1_143' title='bbox 140 2384 173 2435; x_wconf 60' lang='grc' dir='ltr'><strong>πο</strong></span> <span class='ocrx_word' id='word_1_144' title='bbox 188 2374 294 2432; x_wconf 86' lang='lat' dir='ltr'><strong>reditus</strong></span> <span class='ocrx_word' id='word_1_145' title='bbox 309 2375 344 2433; x_wconf 92' lang='lat' dir='ltr'><strong>ad</strong></span> <span class='ocrx_word' id='word_1_146' title='bbox 357 2375 541 2452; x_wconf 87' lang='lat' dir='ltr'><strong>propositum,</strong></span> <span class='ocrx_word' id='word_1_147' title='bbox 553 2384 582 2432; x_wconf 87' lang='lat' dir='ltr'><strong>et</strong></span> <span class='ocrx_word' id='word_1_148' title='bbox 595 2374 716 2446; x_wconf 84' lang='lat' dir='ltr'><strong>iteratio,</strong></span> <span class='ocrx_word' id='word_1_149' title='bbox 726 2386 755 2433; x_wconf 88' lang='lat' dir='ltr'><strong>st</strong></span> <span class='ocrx_word' id='word_1_150' title='bbox 768 2376 886 2435; x_wconf 84' lang='lat' dir='ltr'><strong>rationis</strong></span> <span class='ocrx_word' id='word_1_151' title='bbox 900 2387 967 2453; x_wconf 77' lang='lat' dir='ltr'><strong>apta</strong></span> 
     </span>
    </p>
   </div>
   <div class='ocr_carea' id='block_1_6' title="bbox 187 2466 1067 2548">
    <p class='ocr_par' dir='ltr' id='par_1_8' title="bbox 187 2466 1067 2548">
     <span class='ocr_line' id='line_1_22' title="bbox 187 2466 1067 2548; baseline 0.003 -20"><span class='ocrx_word' id='word_1_152' title='bbox 187 2469 352 2529; x_wconf 84' lang='lat' dir='ltr'><strong>oonoluaio:</strong></span> <span class='ocrx_word' id='word_1_153' title='bbox 372 2481 441 2543; x_wconf 89' lang='lat' dir='ltr'><strong>tum,</strong></span> <span class='ocrx_word' id='word_1_154' title='bbox 454 2470 578 2548; x_wconf 79' lang='lat' dir='ltr'><strong>angendi</strong></span> <span class='ocrx_word' id='word_1_155' title='bbox 591 2468 771 2529; x_wconf 80' lang='lat' dir='ltr'><strong>minuendive</strong></span> <span class='ocrx_word' id='word_1_156' title='bbox 785 2472 882 2545; x_wconf 74' lang='lat' dir='ltr'><strong>eausi,</strong></span> <span class='ocrx_word' id='word_1_157' title='bbox 893 2474 967 2533; x_wconf 83' lang='lat' dir='ltr'><strong>veri·</strong></span> <span class='ocrx_word' id='word_1_158' title='bbox 1066 2466 1067 2491; x_wconf 65' lang='lat'>³</span> 
     </span>
    </p>
   </div>
   <div class='ocr_carea' id='block_1_7' title="bbox 186 2565 966 2645">
    <p class='ocr_par' dir='ltr' id='par_1_9' title="bbox 186 2565 966 2645">
     <span class='ocr_line' id='line_1_23' title="bbox 186 2565 966 2645; baseline 0.006 -22"><span class='ocrx_word' id='word_1_159' title='bbox 186 2565 253 2624; x_wconf 89' lang='lat' dir='ltr'><strong>tatis</strong></span> <span class='ocrx_word' id='word_1_160' title='bbox 273 2566 425 2643; x_wconf 75' lang='lat' dir='ltr'><strong>superlatio</strong></span> <span class='ocrx_word' id='word_1_161' title='bbox 438 2576 522 2641; x_wconf 87' lang='lat' dir='ltr'><strong>atque</strong></span> <span class='ocrx_word' id='word_1_162' title='bbox 534 2567 681 2644; x_wconf 84' lang='lat' dir='ltr'><strong>trajectio:</strong></span> <span class='ocrx_word' id='word_1_163' title='bbox 702 2578 731 2625; x_wconf 86' lang='lat' dir='ltr'><strong>st</strong></span> <span class='ocrx_word' id='word_1_164' title='bbox 744 2569 863 2645; x_wconf 78' lang='lat' dir='ltr'><strong>rogatio,</strong></span> <span class='ocrx_word' id='word_1_165' title='bbox 875 2580 966 2645; x_wconf 87' lang='lat' dir='ltr'><strong>atque</strong></span> 
     </span>
    </p>
   </div>
   <div class='ocr_carea' id='block_1_8' title="bbox 184 2661 1064 2840">
    <p class='ocr_par' dir='ltr' id='par_1_10' title="bbox 184 2661 1064 2840">
     <span class='ocr_line' id='line_1_24' title="bbox 185 2661 1064 2741; baseline 0.007 -21"><span class='ocrx_word' id='word_1_166' title='bbox 185 2662 254 2722; x_wconf 85' lang='lat' dir='ltr'><strong>huie</strong></span> <span class='ocrx_word' id='word_1_167' title='bbox 266 2661 386 2721; x_wconf 84' lang='lat' dir='ltr'><strong>finitima</strong></span> <span class='ocrx_word' id='word_1_168' title='bbox 399 2663 479 2738; x_wconf 85' lang='lat' dir='ltr'><strong>quasi</strong></span> <span class='ocrx_word' id='word_1_169' title='bbox 491 2662 679 2739; x_wconf 76' lang='lat' dir='ltr'><strong>percontatio,</strong></span> <span class='ocrx_word' id='word_1_170' title='bbox 693 2664 887 2741; x_wconf 83' lang='lat' dir='ltr'><strong>expositioque</strong></span> <span class='ocrx_word' id='word_1_171' title='bbox 899 2684 966 2725; x_wconf 83' lang='lat' dir='ltr'><strong>seu·</strong></span> <span class='ocrx_word' id='word_1_172' title='bbox 1063 2678 1064 2681; x_wconf 75' lang='grc'>’</span> 
     </span>
     <span class='ocr_line' id='line_1_25' title="bbox 184 2759 1063 2840; baseline 0.007 -23"><span class='ocrx_word' id='word_1_173' title='bbox 184 2760 280 2827; x_wconf 72' lang='lat' dir='ltr'><strong>tentiae</strong></span> <span class='ocrx_word' id='word_1_174' title='bbox 300 2778 374 2817; x_wconf 78' lang='lat' dir='ltr'><strong>sua:</strong></span> <span class='ocrx_word' id='word_1_175' title='bbox 395 2769 455 2818; x_wconf 93' lang='lat' dir='ltr'><strong>tum</strong></span> <span class='ocrx_word' id='word_1_176' title='bbox 468 2759 526 2833; x_wconf 90' lang='lat' dir='ltr'><strong>illa,</strong></span> <span class='ocrx_word' id='word_1_177' title='bbox 540 2778 603 2836; x_wconf 74' lang='lat' dir='ltr'><strong>que</strong></span> <span class='ocrx_word' id='word_1_178' title='bbox 623 2760 744 2819; x_wconf 82' lang='lat' dir='ltr'><strong>maxime</strong></span> <span class='ocrx_word' id='word_1_179' title='bbox 763 2760 851 2838; x_wconf 80' lang='lat' dir='ltr'><strong>quasi</strong></span> <span class='ocrx_word' id='word_1_180' title='bbox 863 2763 964 2840; x_wconf 87' lang='lat' dir='ltr'><strong>irrepit</strong></span> <span class='ocrx_word' id='word_1_181' title='bbox 1061 2766 1063 2781; x_wconf 61' lang='lat'>⁸</span> 
     </span>
    </p>
   </div>
   <div class='ocr_carea' id='block_1_9' title="bbox 137 2854 964 2935">
    <p class='ocr_par' dir='ltr' id='par_1_11' title="bbox 137 2854 964 2935">
     <span class='ocr_line' id='line_1_26' title="bbox 137 2854 964 2935; baseline 0.011 -25"><span class='ocrx_word' id='word_1_182' title='bbox 137 2866 169 2916; x_wconf 78' lang='lat'><strong>25</strong></span> <span class='ocrx_word' id='word_1_183' title='bbox 184 2854 214 2910; x_wconf 92' lang='lat' dir='ltr'><strong>in</strong></span> <span class='ocrx_word' id='word_1_184' title='bbox 234 2854 380 2913; x_wconf 88' lang='lat' dir='ltr'><strong>hominum</strong></span> <span class='ocrx_word' id='word_1_185' title='bbox 394 2867 513 2928; x_wconf 87' lang='lat' dir='ltr'><strong>mentes,</strong></span> <span class='ocrx_word' id='word_1_186' title='bbox 527 2856 582 2913; x_wconf 86' lang='lat' dir='ltr'><strong>alia</strong></span> <span class='ocrx_word' id='word_1_187' title='bbox 601 2854 732 2928; x_wconf 85' lang='lat' dir='ltr'><strong>dioentis,</strong></span> <span class='ocrx_word' id='word_1_188' title='bbox 747 2874 781 2915; x_wconf 89' lang='lat' dir='ltr'><strong>ao</strong></span> <span class='ocrx_word' id='word_1_189' title='bbox 799 2858 964 2935; x_wconf 71' lang='lat' dir='ltr'><strong>significen-</strong></span> 
     </span>
    </p>
   </div>
   <div class='ocr_carea' id='block_1_10' title="bbox 183 2948 1061 3030">
    <p class='ocr_par' dir='ltr' id='par_1_12' title="bbox 183 2948 1061 3030">
     <span class='ocr_line' id='line_1_27' title="bbox 183 2948 1061 3030; baseline 0.013 -24"><span class='ocrx_word' id='word_1_190' title='bbox 183 2948 229 3020; x_wconf 89' lang='lat' dir='ltr'><strong>tis,</strong></span> <span class='ocrx_word' id='word_1_191' title='bbox 243 2949 445 3022; x_wconf 76' lang='lat' dir='ltr'><strong>dissImulatio;</strong></span> <span class='ocrx_word' id='word_1_192' title='bbox 471 2950 547 3030; x_wconf 74' lang='lat' dir='ltr'><strong>[que</strong></span> <span class='ocrx_word' id='word_1_193' title='bbox 567 2960 610 3007; x_wconf 87' lang='lat' dir='ltr'><strong>est</strong></span> <span class='ocrx_word' id='word_1_194' title='bbox 628 2950 813 3028; x_wconf 78' lang='lat' dir='ltr'><strong>perjucunda,</strong></span> <span class='ocrx_word' id='word_1_195' title='bbox 832 2971 908 3026; x_wconf 87' lang='lat' dir='ltr'><strong>oum,</strong></span> <span class='ocrx_word' id='word_1_196' title='bbox 930 2954 963 3016; x_wconf 86' lang='lat' dir='ltr'><strong>itt</strong></span> <span class='ocrx_word' id='word_1_197' title='bbox 1060 2990 1061 3003; x_wconf 33' lang='grc' dir='ltr'><strong>κ</strong></span> 
     </span>
    </p>
   </div>
   <div class='ocr_carea' id='block_1_11' title="bbox 183 3046 962 3121">
    <p class='ocr_par' dir='ltr' id='par_1_13' title="bbox 183 3046 962 3121">
     <span class='ocr_line' id='line_1_28' title="bbox 183 3046 962 3121; baseline 0.012 -18"><span class='ocrx_word' id='word_1_198' title='bbox 183 3046 320 3120; x_wconf 84' lang='lat' dir='ltr'><strong>oratione,</strong></span> <span class='ocrx_word' id='word_1_199' title='bbox 339 3064 399 3105; x_wconf 87' lang='lat' dir='ltr'><strong>non</strong></span> <span class='ocrx_word' id='word_1_200' title='bbox 419 3047 612 3121; x_wconf 83' lang='lat' dir='ltr'><strong>eontentions,</strong></span> <span class='ocrx_word' id='word_1_201' title='bbox 632 3048 682 3106; x_wconf 87' lang='lat' dir='ltr'><strong>sed</strong></span> <span class='ocrx_word' id='word_1_202' title='bbox 706 3066 837 3109; x_wconf 84' lang='lat' dir='ltr'><strong>sermone</strong></span> <span class='ocrx_word' id='word_1_203' title='bbox 856 3060 962 3111; x_wconf 86' lang='lat' dir='ltr'><strong>trsots·</strong></span> 
     </span>
    </p>
   </div>
   <div class='ocr_carea' id='block_1_12' title="bbox 0 0 1088 3525">
    <p class='ocr_par' dir='ltr' id='par_1_14' title="bbox 0 0 1088 3525">
     <span class='ocr_line' id='line_1_29' title="bbox 0 0 1088 3525; baseline 0 5"><span class='ocrx_word' id='word_1_204' title='bbox 0 0 1088 3525; x_wconf 95' lang='lat' dir='ltr'><strong> </strong></span> 
     </span>
    </p>
   </div>
  </div>
 </body>
</html>
