2167 3525
126 286 154 337 L.
164 286 208 351 u]
407 289 450 340 DE
472 291 635 339 ORATOR.
660 303 666 309 ·
912 283 952 341 81

93 491 96 514 ,
122 439 182 517 jem
201 450 294 517 putet,
313 442 447 517 quonium
470 442 586 518 quidem
607 452 639 501 tu
662 441 813 501 Fabricios
837 441 908 501 uiui

126 546 267 609 auctores,
280 548 309 595 et
322 538 486 610 Africanos,
501 538 656 610 Maximus,
674 538 908 616 Cotoneulaepi·
968 551 970 554 ·

125 632 181 689 ulus
198 634 348 709 protulisti.
390 634 449 694 Seu
469 634 580 695 ltuluetis
593 653 638 706 eu,
653 634 857 709 querulnistis
870 654 906 692 ex

125 746 175 785 me
193 728 299 801 audire,
314 730 349 786 de
370 728 475 805 quibus
489 730 609 805 ¹quodem
629 729 792 787 cucurutium
810 730 908 787 dicen-

125 823 194 881 dum
214 835 242 883 et
262 825 444 902 cogitandum
465 826 533 883 suit:
561 846 629 885 uem
654 838 752 883 cetera
778 826 938 889 sacimas

125 930 200 993 sunt,
222 931 306 996 etque
326 940 361 979 ex
381 922 426 993 iis,
448 940 511 997 que
528 923 587 999 jam
607 923 685 981 dictu
704 932 781 995 suut,
795 922 906 999 reliqua

124 1026 280 1075 nuscuntur
294 1018 399 1077 omniu.

112 1206 114 1210 ’
161 1208 288 1269 LXXII.
319 1211 383 1287 Ego
416 1212 492 1269 enim
527 1231 593 1270 cum
627 1214 663 1271 ud
696 1232 811 1271 causam
842 1232 905 1271 sum

123 1324 283 1383 aggressus,
299 1318 382 1382 atque
402 1309 499 1369 omniu
518 1309 682 1385 cogitando,
696 1311 790 1385 quoad
810 1310 906 1367 fucere

121 1402 213 1477 potui,
233 1415 415 1478 persecutum
437 1424 503 1461 curo
523 1415 552 1461 et
573 1415 740 1481 argumente
759 1424 863 1476 cause,
877 1416 906 1462 et
922 1408 952 1455 1⁰
981 1457 984 1461 Δ

123 1516 173 1557 eos
192 1500 271 1555 locos
291 1500 393 1573 quibus
414 1500 501 1557 animi
519 1491 649 1575 judicum
662 1501 862 1571 conciliantur,
876 1512 905 1558 et

123 1594 190 1651 illos
213 1594 316 1669 quibus
340 1604 551 1670 permoventur,
571 1596 638 1657 ridi.
656 1606 740 1670 etque
767 1598 904 1673 cognom

122 1698 184 1747 tum
205 1690 359 1763 constituo,
373 1690 442 1766 quid
462 1690 564 1752 hebeat
583 1710 702 1768 queque
721 1710 808 1749 ceusu
826 1693 904 1766 boni,

105 1785 191 1861 'quid
214 1786 290 1844 mali.
330 1785 421 1844 Nulla
444 1787 519 1844 enim
545 1787 603 1844 fere
626 1805 672 1844 res
693 1799 786 1863 potest
809 1789 839 1846 in
863 1789 904 1846 di-

122 1881 208 1940 cendi
228 1882 462 1959 disceptationem
485 1895 533 1941 aut
555 1886 776 1943 controversiam
796 1887 902 1958 soceri,
919 1892 950 1940 15

121 1987 184 2053 qum
211 1997 269 2036 non
297 1979 399 2041 habeat
422 1989 589 2056 utrumque:
616 1982 677 2054 sed,
697 1993 834 2057 quantum
855 1983 903 2040 hu·

119 2073 197 2146 lieet,
212 2074 241 2132 id
254 2075 347 2134 refert.

160 2170 230 2228 Mea
250 2183 344 2232 eutem
363 2174 437 2230 ratio
457 2174 487 2231 in
507 2175 632 2232 dicendo
651 2175 714 2230 hec
740 2193 803 2230 csse
823 2175 903 2245 solet,

121 2276 162 2338 ut,
183 2267 252 2324 boni
278 2269 354 2342 quod
382 2269 494 2340 habeat,
519 2269 548 2326 id
576 2269 739 2344 amplectar,
759 2289 904 2342 exornem,
924 2323 927 2326 .

121 2381 307 2440 exaggerem
343 2365 382 2421 ibi
416 2383 584 2437 commorer,
616 2365 657 2423 ibi
693 2365 827 2439 habitem,
862 2367 901 2426 lbi
917 2376 949 2426 πο

120 2458 260 2518 hereum:
283 2461 387 2520 umelo
407 2471 499 2519 autem
516 2462 639 2538 vitioque
654 2481 747 2520 cause
764 2463 804 2521 ita
823 2483 903 2522 rece·

120 2555 196 2628 dem,
217 2575 276 2614 nou
296 2567 328 2614 ut
348 2555 377 2614 id
403 2575 450 2614 me
476 2558 610 2634 defugere
638 2570 780 2634 appareat,
800 2561 852 2618 sed
871 2572 903 2620 ut

119 2661 223 2724 lutum,
237 2653 314 2710 bono
333 2652 382 2711 illo
402 2655 530 2712 ornando
550 2664 579 2711 et
599 2656 731 2731 eugendo
745 2656 902 2714 dissimulo·

120 2758 192 2820 tum,
206 2749 350 2808 obruatur.
391 2749 440 2822 Et,
455 2750 478 2807 si
500 2769 588 2808 causa
605 2761 649 2808 est
666 2751 697 2809 in
718 2753 901 2828 argumentis,

119 2843 283 2902 firmissimo
314 2865 432 2921 quaeque
465 2847 587 2904 maxime
615 2857 707 2919 tueor,
735 2849 794 2907 sire
819 2850 901 2926 plura
916 2859 947 2908 ᾔ

118 2951 196 3012 suut,
221 2941 280 2998 sive
308 2941 420 3018 aliquod
446 2962 551 3001 unum:
586 2943 630 3000 siu
657 2955 750 3002 autem
779 2945 809 3003 in
835 2967 902 3005 con·

121 3032 269 3092 ciliatione
290 3045 338 3092 aut
357 3035 387 3093 iu
406 3038 586 3112 permotione
605 3055 692 3096 causa
709 3049 764 3111 est,
783 3041 818 3097 ud
837 3058 900 3100 cum
