2167 3525
137 329 215 391 nn]
416 334 458 381 oa
480 334 642 381 omrem.
924 319 959 383 tl

137 498 221 538 nam:
250 482 441 555 collationem,
462 494 494 541 ut
514 484 562 541 ille
582 484 682 541 Gallus
700 484 767 542 olim
788 482 868 541 testis
888 482 918 540 in

138 576 282 650 Pisonem,
303 598 369 637 oum
397 580 634 638 innumerabilem
661 579 761 657 Magio
786 580 920 656 prefecto

138 674 288 750 pecuniam
310 676 427 733 dixisset
448 677 553 749 datam,
574 677 659 752 idque
682 678 809 734 Scaurus
828 676 920 733 tenui·

138 780 196 827 tate
210 770 300 849 Magii
310 774 509 850 redargueret:
532 782 551 807 “
561 774 676 845 Erras,''
688 774 790 849 inquit,
803 781 821 806 “
831 775 920 830 Soau·

138 886 184 925 re:
215 888 270 947 ego
296 871 374 927 enim
401 869 531 947 Magium
555 890 613 928 non
636 872 820 928 conseruisse
844 871 950 942 dioo,5

138 966 196 1037 sed,
223 976 358 1043 tauquam
385 968 478 1024 nudus
505 986 595 1025 nuces
620 967 738 1045 legeret,
765 968 794 1024 in
821 978 919 1025 ventre

138 1063 326 1121 abstulisse:''
349 1073 380 1121 ut
394 1064 441 1120 ille
461 1060 502 1121 M.
518 1064 624 1122 Cicero
644 1083 740 1136 senex,
762 1064 846 1140 hujus
865 1064 918 1121 viri

136 1160 246 1235 optimi,¹
266 1161 356 1218 nostri
377 1161 533 1232 familiaris,
554 1172 643 1237 pater,
658 1160 811 1220 “Nostros
830 1161 920 1217 homi·

135 1274 188 1312 nes
208 1256 315 1313 similes
335 1276 397 1315 esse
418 1258 553 1333 Syrorum
573 1258 731 1315 venalium:
753 1258 920 1331 utquisque

136 1352 243 1427 optime
256 1353 357 1409 Graeoe
371 1353 466 1425 eoiret,
481 1354 521 1410 ita
533 1372 596 1411 esse
609 1352 841 1427 nequissimum.”
935 1360 966 1408 10

175 1448 268 1505 Valde
296 1460 390 1505 autem
417 1450 545 1509 ridentur
572 1449 659 1506 etiam
687 1448 836 1523 imagines,
856 1464 919 1522 quae

137 1544 197 1601 sere
217 1544 247 1601 in
268 1544 475 1601 deformitatem
497 1553 546 1601 aut
560 1544 589 1601 in
604 1543 718 1617 aliquod
738 1543 838 1600 vitium
858 1561 921 1600 eor·

137 1640 215 1715 poris
243 1641 387 1707 ducuntur
409 1651 474 1697 oum
501 1640 686 1697 similitudine
712 1640 861 1716 turpioris3
888 1650 920 1698 ut

136 1756 232 1796 meum
254 1737 324 1794 illud
339 1738 368 1795 in
387 1736 522 1795 Helvium
542 1736 698 1809 Manciam,
714 1735 807 1794 “Jam
827 1747 920 1796 osten·

137 1835 212 1906 dam,
250 1835 409 1911 cujusmodi
443 1835 623 1899 sisz’loum
658 1835 715 1907 ille,
750 1835 916 1906 “Ostende,
935 1837 966 1887 15

137 1933 273 2005 quaes0;’'
301 1932 492 1989 demonstravi
512 1932 604 2009 digito
623 1931 732 2008 pictum
752 1932 866 1989 Gallum
887 1931 918 1992 in

137 2027 269 2085 Mariano
289 2040 372 2086 scuto
392 2029 549 2100 Cimbrico,
569 2031 623 2086 sub
642 2029 744 2101 Novis,
758 2029 918 2099 distortum,

138 2124 228 2200 ejecti
249 2125 358 2202 linguis,
373 2126 474 2183 bueois
494 2125 665 2182 liuentibus:
686 2126 760 2182 risus
780 2137 823 2181 est
843 2144 920 2182 com·

138 2232 246 2278 motus:
268 2222 338 2278 nihil
361 2233 417 2278 tam
438 2221 564 2279 Maneiae
584 2221 676 2277 simile
696 2221 787 2276 visum
808 2230 867 2278 est:
888 2231 920 2278 ut

138 2337 203 2375 sum
230 2317 302 2374 Tito
325 2317 452 2388 Pinario,
473 2328 601 2374 mentum
628 2317 657 2374 in
684 2317 808 2374 dioendo
834 2316 920 2374 intor·
936 2323 968 2373 20

138 2415 245 2488 quenti,
261 2420 280 2446 ‘⁴
290 2424 349 2471 tum
364 2423 395 2471 ut
411 2414 529 2486 diceret,
545 2413 650 2489 siquid
670 2413 763 2484 vellet,
777 2414 802 2470 si
815 2431 919 2471 nucem

138 2510 294 2588 fregisset.''

177 2607 272 2666 Etiam
288 2607 345 2679 illa,
359 2627 432 2682 quae,
446 2607 595 2665 minuendi
616 2616 664 2664 aut
685 2607 808 2684 augendi
821 2607 918 2677 causti,

123 2704 175 2760 ad
195 2703 392 2760 inoredibilem
415 2703 630 2761 admirationem
650 2702 822 2771 efferuntur3
843 2701 921 2759 velut

138 2809 179 2872 tu,
200 2799 314 2870 Crasse,
336 2800 366 2857 in
387 2801 539 2872 counione,
561 2799 630 2856 “ita
649 2799 705 2855 sibi
726 2799 817 2873 ipsum
844 2817 921 2876 mag·
937 2805 969 2854 25

138 2915 207 2954 num
222 2896 311 2954 videri
326 2895 505 2968 Memmium,
520 2906 561 2967 ut,
575 2895 605 2952 in
620 2896 712 2952 sorum
732 2895 920 2966 descendens,

140 3003 226 3068 eaput
246 2993 281 3051 ad
301 2993 440 3050 fornicem
462 2993 545 3050 Fabii
566 2992 754 3049 demitteret.''
800 2990 844 3048 Ex
864 3007 920 3064 quo

140 3107 246 3167 genere
259 3090 345 3148 etiam
359 3090 429 3148 illud
443 3100 496 3163 est,
507 3088 584 3165 quod
594 3088 694 3164 Scipio
705 3087 779 3163 apud
792 3085 921 3143 Numan·

374 3185 393 3243 ,¹
404 3185 422 3220 θ
