2167 3525
133 263 175 325 'tt
451 273 495 325 uu
515 272 678 323 onerosas.
879 269 920 330 [u.
929 269 965 317 11.

181 424 296 499 quaudo
315 442 333 483 a
350 442 382 483 se
402 433 476 495 eota,
490 422 581 481 multa
600 422 637 481 ab
656 420 720 481 aliis
739 419 846 491 audita,
863 418 966 479 merui·

166 530 292 579 nerunt.

218 615 320 679 Quare
339 617 474 677 confiteor
494 616 637 693 equidem,
651 614 735 691 hujus
747 613 816 672 boni
830 622 963 671 naturam

179 730 243 771 esse
262 712 431 790 prinoipem,
451 713 527 772 siout
552 730 652 771 earum
676 728 781 781 rerum,
800 708 963 785 dequibus

147 816 247 868 tante
265 810 378 868 loeutus
401 828 474 881 sum,
498 808 643 867 omnium:
672 806 722 865 sed
745 807 809 865 heo
832 824 878 865 ars
899 815 963 863 tota
1014 852 1019 859 .

180 905 305 977 diuendi,
320 906 379 965 sire
400 905 467 965 artis
488 904 583 981 imago
602 903 732 980 quaedam
751 912 796 961 est
814 912 844 961 et
863 900 963 960 simili-

179 1001 259 1075 tudo,
282 1002 368 1061 habet
393 1002 467 1061 hano
493 1001 561 1073 rim,
581 1019 641 1059 non
667 1009 699 1058 ut
724 1009 815 1057 totum
842 998 961 1074 aliquid,

179 1098 262 1175 oujus
275 1099 305 1156 in
320 1098 443 1176 ingeniis
462 1097 568 1157 nostris
585 1116 651 1173 pars
669 1096 749 1155 nulia
766 1096 813 1167 sit,
826 1095 917 1172 pariat
930 1105 963 1152 et

178 1204 318 1271 procreet,
340 1212 437 1252 rerum
463 1203 495 1253 ut
519 1212 564 1266 ea,
585 1212 649 1269 quae
671 1202 738 1251 suut
763 1202 827 1250 orta
848 1191 907 1268 jam
928 1190 961 1249 in

132 1298 164 1351 lt)
178 1290 261 1349 nobis
293 1300 323 1349 et
354 1300 513 1367 procreata,
546 1289 651 1349 edueet
684 1298 769 1363 atque
801 1288 959 1346 confirmet.

178 1386 382 1447 Verumtamen
402 1405 495 1462 neque
513 1396 573 1445 tam
587 1385 647 1445 aori
659 1384 871 1443 memoriddere
883 1383 961 1460 quis·

178 1502 263 1559 quarn
287 1492 339 1556 eet,
362 1494 403 1555 ut,
427 1502 485 1541 non
508 1482 653 1559 dispositis
678 1481 840 1556 notatisque
862 1481 958 1552 rebus,

177 1579 306 1639 ordinem
327 1580 473 1638 verborum
495 1588 544 1637 aut
562 1577 767 1637 sententiarum
787 1576 960 1651 compleote-

178 1687 240 1747 tur3
267 1694 359 1752 neque
379 1693 446 1734 vero
465 1685 523 1733 tam
547 1675 653 1746 hebeti,
673 1685 705 1732 ut
724 1674 795 1732 nihil
815 1673 870 1731 hoo
890 1691 960 1733 ooo·

131 1780 162 1830 15
177 1771 328 1830 suetudine
361 1780 390 1829 et
426 1771 631 1830 exercitatione
667 1771 822 1848 adjuvetur.
876 1770 959 1828 Vidit

177 1865 254 1924 enim
277 1864 332 1922 hoo
354 1865 507 1942 prudenter
529 1866 589 1922 sire
609 1865 783 1937 Simonides,
804 1865 864 1923 sire
885 1865 959 1922 alius

177 1961 240 2038 quis
260 1960 376 2032 inuenit,
396 1980 432 2020 ee
451 1961 573 2020 maxime
594 1961 695 2019 animis
718 1961 815 2039 effingi
842 1961 957 2032 nostris,

176 2075 239 2134 quae
268 2068 363 2118 esseut
390 2075 407 2116 a
432 2077 518 2118 sensu
550 2057 655 2118 tradite
687 2068 771 2134 atque
802 2057 956 2135 ,impressu

177 2155 347 2214 soorrimum
368 2165 461 2214 sutem
481 2174 518 2214 ex
537 2155 670 2214 omnibus
695 2155 800 2212 nostris
825 2155 958 2214 sensibus

129 2261 161 2313 20
175 2270 238 2310 esse
269 2271 383 2312 sensum
408 2251 539 2313 ridendi:
573 2271 661 2328 quare
693 2252 829 2313 facillimo
861 2251 958 2310 animo

175 2348 267 2406 teneri
286 2367 369 2424 posse
389 2369 433 2423 ea,
454 2368 517 2425 quae
536 2350 751 2426 perciperentur
771 2350 887 2408 auribus
908 2359 958 2408 aut

176 2443 361 2520 oogitatioue,
381 2445 406 2504 si
426 2445 512 2504 etiarn
533 2446 682 2504 ooulorum
709 2447 957 2505 oommendatione

176 2539 278 2598 animis
297 2541 492 2611 truderentur3
513 2550 546 2600 ut
565 2560 611 2600 res
629 2560 732 2612 ooeoas,
747 2551 777 2599 et
790 2543 827 2600 ab
840 2542 957 2618 adspeo·

174 2634 221 2694 tris
243 2634 354 2712 judioio
382 2644 514 2707 remotas,
541 2635 729 2696 oousormatio
759 2637 901 2712 quodam,
926 2649 957 2696 et

127 2745 160 2796 25
175 2729 279 2807 imago,
300 2740 329 2789 et
348 2731 440 2808 figura
465 2729 506 2788 ira
530 2740 652 2804 notaret,
672 2741 705 2788 ut
729 2749 774 2803 ea,
794 2751 857 2807 que
877 2733 957 2810 cogi-

174 2827 262 2886 tando
281 2826 434 2905 eompleeti
454 2845 513 2886 uon
532 2844 690 2904 possemus,
711 2827 849 2887 intuendo
874 2829 956 2904 quasi

174 2933 342 2984 teneremus.
