2167 3525
145 244 185 317 ΞΟ
465 265 512 316 an
532 264 698 315 onerum
894 264 979 329 tuta

190 416 269 477 utitis
285 432 379 494 Joous,
393 426 422 475 et
443 416 570 489 insatiam
591 434 667 494 quae,
680 411 980 476 «tonantis-onnia

189 513 264 573 tradi
285 524 345 577 arte
367 526 496 592 possunt,
517 524 637 573 nontra-
653 523 722 573 suut
737 512 862 590 ¹proruis
887 521 977 586 sorte,

188 626 283 685 neqoe
303 610 390 669 ullam
411 622 500 669 artent
524 610 696 673 desiderant.
750 609 788 669 In
815 609 919 685 quibas
942 618 976 681 tu

188 706 275 784 longe
295 706 367 779 eliis,
389 707 454 767 meti
473 708 626 781 senteutii,
640 706 748 779 Cesar,
761 706 897 765 excellis:
918 721 976 781 qao

158 794 280 881 omagis
300 804 371 861 mihi
391 804 477 862 etium
497 806 580 863 testis
599 824 663 863 esse
684 814 777 882 potos,
798 813 848 863 aut
867 802 976 862 nuliam
1075 855 1076 862 ,

188 918 251 959 esse
272 911 361 960 artem
381 902 551 975 salis3aut,
572 902 674 979 siqua
699 910 752 974 est,
773 920 837 960 eam
863 918 919 958 noa
943 910 976 959 tu
1075 903 1076 982 ζ

186 1000 366 1077 potissimum
387 1000 513 1069 docebis.
563 1000 628 1077 Ego
647 1017 725 1072 vero,
747 997 841 1073 inquit
866 997 975 1070 Cesar,

187 1096 265 1155 omni
286 1096 322 1155 de
342 1116 373 1154 re
394 1098 514 1155 facetius
534 1106 605 1173 puto
623 1114 707 1173 posse
727 1096 768 1153 abx
784 1094 903 1153 homine
915 1112 976 1153 non

188 1192 338 1265 inurbane,
352 1210 436 1269 quarn
457 1194 495 1251 de
515 1194 583 1270 ipsis
595 1193 717 1266 facetiis,
732 1191 879 1269 disputari.
919 1189 976 1249 Its
1075 1255 1076 1270 2

143 1299 174 1350 to
187 1306 252 1366 que,
267 1308 333 1347 oum
348 1290 484 1365 quosdutn
504 1290 624 1347 Grecos
644 1289 797 1365 inscriptos
809 1288 900 1345 libros
911 1304 975 1347 eata
1075 1323 1076 1334 κ

187 1384 321 1443 vidissem
343 1374 538 1457 deridiculis,
553 1386 721 1444 nonnullam
742 1385 773 1442 in
788 1402 873 1459 spera
891 1400 976 1441 rene·

187 1498 259 1554 ram,
273 1497 357 1558 posse
376 1500 422 1540 tne
444 1483 551 1559 aliquid
571 1475 607 1539 eir
627 1482 690 1540 istis
710 1482 832 1539 dissere.
873 1478 975 1539 Inveni

188 1587 283 1635 eutem
303 1577 432 1635 ridiouls
446 1588 475 1635 et
495 1578 570 1637 salsa
589 1578 680 1635 multa
698 1578 883 1646 Groeoorum3
907 1592 974 1635 nnn

187 1682 217 1729 et
231 1672 323 1729 Siouli
337 1672 367 1729 in
381 1690 416 1730 eo
430 1689 545 1749 genere,
560 1684 589 1731 et
608 1674 729 1745 Rhodii,
743 1683 772 1731 et
786 1672 931 1748 Byzantii,
945 1680 975 1731 et

141 1783 173 1834 15
187 1778 290 1844 praeter
310 1777 428 1840 eeteros,
450 1769 553 1840 Attioi,
574 1770 736 1827 excellunt:
757 1771 818 1840 sed,
842 1769 890 1845 qui
911 1768 975 1845 ojus

187 1864 230 1922 tei
256 1864 395 1922 rationem
423 1866 564 1940 quandem
598 1866 696 1923 conati
728 1875 796 1924 sunt
828 1875 975 1940 artemque

184 1961 309 2034 tradere,
337 1961 380 2019 sio
407 1962 514 2019 insulsi
534 1962 712 2034 exstiterunt,
739 1972 772 2020 ut
796 1962 871 2020 nituit
896 1961 975 2020 atiud

186 2073 296 2130 eorum,
324 2059 394 2116 nisi·
407 2059 469 2136 ipsa
501 2059 657 2130 insulsitas,
683 2059 818 2117 rideatur.
871 2059 975 2122 Quare

186 2155 258 2214 uini
277 2156 357 2215 n'uilo
377 2155 489 2214 videtur
509 2157 597 2213 rnodo
616 2156 750 2214 doetrini
763 2157 818 2214 ista
830 2175 877 2214 res
889 2173 975 2233 posse

140 2267 173 2318 ω
186 2253 269 2312 tradi.
311 2253 426 2312 Etenim
447 2271 513 2312 ourn
534 2254 593 2312 duo
606 2271 712 2331 genera
725 2253 787 2312 sint·
796 2253 973 2326 facetiarum,

187 2349 308 2407 alterurn
336 2351 510 2426 aequabiliter
537 2351 568 2408 in
594 2351 674 2408 omni
703 2369 835 2410 sermone
868 2351 973 2422 nsum,

188 2445 308 2503 alterurn
333 2457 514 2522 peracutum·
529 2457 559 2503 et
586 2446 687 2516 brere3
715 2447 765 2504 illa
788 2467 805 2504 a
829 2446 974 2505 sutoribus

187 2541 316 2618 superior
340 2541 579 2614 cavillationes
602 2542 690 2600 ultera
713 2541 862 2616 dicacitas,
879 2543 975 2602 norni-

184 2647 255 2697 ‘nata
268 2647 326 2697 ests
351 2637 427 2696 Leve
441 2655 547 2695 nornen
558 2639 644 2697 habet
654 2648 774 2714 utraque
784 2655 847 2710 res}
867 2641 974 2717 quippe

141 2735 249 2803 25'iete
262 2736 340 2794 enim'
354 2747 396 2794 est
409 2745 499 2795 totum
513 2735 578 2810 hoo,
589 2737 679 2796 risum
689 2757 811 2797 movere.
853 2739 975 2797 Verunt-

187 2843 283 2892 tanten
312 2831 357 2912 (ut
390 2833 472 2906 diois,
500 2833 625 2914 Antoni)
659 2835 786 2894 muitum·
812 2834 843 2893 in
877 2835 976 2894 erasis

187 2949 313 3008 persaepe
339 2931 435 3008 lepore
462 2939 490 2988 et
517 2929 629 2990 facetiis
653 2932 755 3009 proiiei
781 2933 849 2991 vidi.
902 2932 973 3006 Sed,

179 3027 256 3085 'oum
271 3026 300 3085 in
314 3027 364 3086 iilo
384 3042 491 3106 genero
509 3029 654 3106 perpetues
674 3029 836 3088 festivitatis
856 3047 974 3090 moon
