2167 3525
154 237 208 296 168
289 281 303 316 ·.
467 246 510 294 nn
531 245 693 294 onerose
882 245 978 305 [nrm
1074 323 1075 328 ἵ

197 395 296 454 eadem
309 397 394 454 verta
413 387 535 473 impons
550 403 579 454 et
597 391 760 468 ornnes,
774 403 802 452 n
817 393 977 470 adjutorio,
1074 355 1075 432 i

167 557 171 575 1
198 503 227 550 et
246 492 417 569 progressio,
436 501 466 549 et
484 493 611 569 ejusdem
631 492 709 550 verbi
735 491 863 550 erebrius
888 491 978 566 positi
1074 523 1075 532 κ

198 588 327 664 quedem
340 588 497 660 distinctio,
510 597 540 646 et
553 588 692 651 remostio
701 587 790 660 verbi,
800 597 829 644 et
842 587 900 658 illa,
912 605 978 662 qun

199 684 327 743 similiter
340 683 482 754 desinunt,
498 694 546 742 aut
565 701 627 763 qum
648 684 754 744 eadunt
773 683 911 754 similiter,
926 693 978 740 aut

168 789 185 838 t
199 800 262 856 qne
275 780 391 857 paribus
402 779 482 855 peria
498 780 667 851 reseruntur,
682 790 729 838 aot
747 777 809 855 qitae
822 788 888 836 sunt
902 779 977 836 inter

198 895 230 936 se
243 876 354 935 similist
395 874 447 932 Fnt
466 874 552 934 etiam
572 876 700 954 gradatio
713 875 852 952 quedam,
866 885 895 932 et
908 893 977 932 oon-

199 971 301 1043 rersio,
328 982 357 1031 et
382 972 532 1033 verborum
559 973 699 1030 ooneinno
724 971 920 1049 transgressio,
947 985 978 1030 et

200 1067 386 1140 eontrarium,
405 1077 435 1126 et
456 1067 635 1141 dissolutum,
655 1079 684 1127 et
703 1068 865 1140 deelinntio,
885 1079 914 1125 st
932 1087 977 1126 ro·

197 1164 357 1242 prehensio,
370 1175 401 1222 et
419 1164 596 1237 erolnmatio,
616 1175 645 1222 et
664 1164 833 1236 imminutio,
851 1173 881 1222 et
899 1165 976 1240 quod

66 1254 70 1263 ¹
154 1269 186 1319 10
199 1261 230 1320 in
248 1262 345 1320 multis
364 1262 477 1320 ensibus
495 1261 620 1338 ponitur,
640 1271 669 1318 et
694 1261 777 1337 quod,
798 1259 833 1320 de
856 1261 977 1338 singuiis

199 1359 285 1419 rebus
303 1358 454 1436 propositis
473 1358 601 1430 duetnm,
618 1355 737 1416 refertor
758 1357 793 1416 nd
813 1357 932 1435 singule,
946 1368 977 1416 et

200 1455 237 1514 sd
255 1451 431 1532 propositum
449 1455 578 1532 snbjoote
595 1454 677 1528 ratio,
696 1463 726 1527 et
745 1454 813 1512 item
834 1454 863 1511 in
883 1454 976 1512 distri·

201 1551 277 1610 botis
290 1552 434 1629 supposito
446 1551 527 1624 ratio,
541 1561 570 1608 et
582 1549 741 1627 permissio,
755 1560 784 1608 et
796 1567 907 1609 rursum
921 1550 977 1609 niis
1074 1539 1075 1580 3

200 1647 350 1721 dubitatio,
359 1658 388 1706 et
396 1647 577 1724 improvisum
585 1644 728 1723 quiddam,
737 1656 767 1704 et
776 1646 975 1718 dinumeratio,
1074 1651 1075 1654 ’

155 1739 186 1791 15
200 1754 230 1803 et
245 1743 299 1803 slis
313 1743 462 1816 eorrectio,
476 1753 506 1802 et
518 1740 674 1820 dissipatio,
687 1753 717 1801 et
732 1742 808 1820 quod
828 1742 977 1803 continuae
1074 1786 1075 1821 ι

198 1846 270 1912 tom,
290 1850 320 1897 et
345 1840 542 1915 interruptum,
563 1850 591 1898 et
613 1840 717 1917 imago,
738 1849 767 1898 et
786 1838 841 1898 sibi
861 1839 914 1916 ipsi
933 1858 976 1898 re·
1074 1850 1075 1901 i

198 1934 323 2012 sponsio,
337 1944 367 1993 et
385 1935 554 2008 immutatio,
575 1945 604 1993 et
622 1936 786 2012 disjunctio,
806 1946 835 1993 et
853 1936 932 2007 ordo,
946 1947 976 1995 et
1074 1928 1075 1981 i

199 2032 310 2105 relatio,
337 2042 366 2091 et
388 2030 542 2109 degressio,
570 2041 598 2091 et
627 2031 862 2109 circumscriptio.
902 2032 976 2091 Heo

200 2128 277 2188 enim
297 2139 363 2187 sunt
383 2126 452 2200 iere,
467 2138 550 2204 etque
569 2128 670 2187 horum
690 2128 802 2201 similia,
817 2127 875 2206 (rel
894 2128 976 2205 plura

155 2226 288 2285 nostiam
311 2243 373 2284 esse
395 2226 526 2304 possum)
549 2242 611 2301 qum
638 2224 785 2291 sententiis
809 2224 975 2297 orationem,

201 2323 405 2397 verborumque
418 2314 699 2393 ooniormationibus‚
715 2320 880 2378 illuminent.

239 2511 301 2571 LV.
319 2513 395 2575 Qun
421 2512 535 2589 quidem
561 2522 599 2585 te,
626 2514 738 2588 Crasse,
765 2514 857 2587 video,
884 2515 977 2590 inquit

201 2608 297 2681 Cotto,
317 2609 393 2683 quod
416 2618 484 2666 noto
502 2626 565 2667 esse
584 2610 667 2669 nobis
686 2620 776 2687 putes,
796 2610 858 2669 sine
878 2612 977 2671 defini·

197 2705 326 2764 tionibus
345 2715 373 2762 et
392 2704 454 2762 sine
472 2702 608 2782 exemplis
633 2707 773 2765 effudisse.
814 2707 878 2785 Ego
896 2724 975 2781 vero,

156 2814 188 2865 25
202 2802 293 2878 inquit
311 2802 441 2875 Crassus,
454 2820 491 2859 ne
509 2802 560 2861 illo
577 2802 700 2878 quidem,
719 2822 781 2881 que
801 2822 885 2881 supra
903 2805 975 2878 dixi,

203 2916 277 2956 novo
290 2898 369 2956 vobis
382 2916 445 2956 esse
458 2899 622 2970 arbitrabar,
636 2898 685 2956 sed
700 2900 836 2959 voluntati
851 2900 976 2959 vestrim

203 2994 328 3052 omnium
350 2994 439 3071 potui.
480 2994 536 3054 His
554 3004 647 3053 sutem
660 2996 793 3055 derebus
807 2996 849 3057 sol
866 3016 911 3057 mo
926 2996 975 3057 ille
