2167 3525
120 284 148 333 L
157 284 211 345 nu
404 283 447 335 DE
469 286 632 337 omont

249 655 293 712 rr.
321 658 482 714 runnu
513 642 777 713 cronnonrs'

493 836 529 875 Μ

371 1004 650 1079 ORATORE

347 1216 466 1269 LIBER
492 1216 678 1270 ΤΕΜἯΙΙ.

162 1591 186 1649 1.
217 1590 418 1649 Insere-unsri
451 1590 532 1662 mihi,
564 1589 678 1652 Quinte
709 1588 804 1662 freter,
836 1604 903 1649 ernn

121 1704 284 1747 sermonem
304 1687 418 1760 referre,
432 1696 461 1744 et
473 1686 611 1745 mundare
629 1685 698 1745 hnic
717 1687 801 1745 tertio
817 1685 901 1758 libro,

121 1803 218 1860 quem,
237 1794 303 1861 post
322 1784 443 1843 Antonii
463 1783 693 1862 disputationem,
713 1784 834 1843 Crassus
854 1784 903 1843 hu·

121 1879 239 1953 buisset‚
261 1881 364 1939 acerba
383 1899 451 1939 sune
477 1881 639 1941 recordatio
664 1891 788 1940 veterem
814 1880 903 1941 enimi

122 1995 220 2036 euram
253 1977 467 2053 molestiamque
504 1977 658 2037 renovarit.
718 1978 795 2036 Num
832 1978 935 2038 utens

122 2071 333 2131 immortalitate
353 2073 471 2150 dignum
491 2073 649 2151 ingenium,
663 2073 713 2132 ills
731 2074 902 2144 humanius,

122 2168 173 2226 ills
192 2168 279 2226 virtus
297 2169 330 2226 L.
345 2169 452 2241 Crassi,
466 2179 556 2227 morte
576 2169 717 2227 exstincta
736 2169 831 2227 subiti
849 2177 902 2238 est,

121 2264 170 2322 vix
189 2263 290 2322 diebus
316 2264 416 2322 desem
442 2274 506 2339 post
533 2283 599 2321 enm
625 2263 712 2336 diem,
732 2263 781 2338 qni
801 2263 856 2322 hoe
874 2272 905 2322 et
931 2265 937 2271 ’

122 2359 270 2436 superiore
289 2359 363 2417 libro
386 2359 557 2416 continetur.
611 2358 651 2418 Ut
675 2359 757 2418 enim·
778 2360 903 2418 Romam

122 2453 208 2512 rediit
227 2463 354 2512 extremo
380 2452 560 2510 scenicorum
586 2452 717 2512 ludorum
743 2453 800 2526 die,
820 2453 903 2512 vehe-
919 2463 950 2514 1⁰

123 2558 232 2608 menter
259 2559 419 2606 commotus
446 2548 481 2605 eri
507 2548 644 2621 oratione,
672 2567 734 2624 quue
760 2549 902 2608 serebatur

124 2646 301 2708 habitasses
321 2645 351 2702 in
372 2643 511 2704 tonsione
532 2665 549 2702 a
568 2644 716 2722 Philipp0;
740 2665 824 2722 quem
844 2646 903 2704 dix·

124 2741 179 2800 isse
199 2741 357 2812 constabat,
378 2740 559 2799 “videndum
579 2741 635 2799 sibi
656 2741 815 2799 aliudesse
836 2760 903 2800 uon·

124 2836 228 2909 silium,
256 2837 305 2896 illo
331 2848 430 2895 senatu
451 2855 482 2894 se
501 2836 707 2912 rempublicam
726 2855 825 2913 gerere
843 2856 903 2895 non

122 2935 245 3009 posse;”
279 2951 372 3004 mane,
406 2933 500 2991 idibus
533 2933 719 3008 Septembris,
745 2942 775 2990 et
801 2932 849 2990 ille
867 2935 904 2992 'et
920 2939 951 2986 15

125 3038 240 3086 senatus
260 3028 400 3104 frequens,
414 3039 516 3086 vocatu
537 3028 635 3100 Drusi,
649 3029 679 3086 in
695 3028 803 3087 curiam
817 3028 902 3085 venit.
