2167 3525
130 290 210 355 nn]
411 295 454 345 nn
476 294 638 345 onnuone.
918 282 955 343 θι

130 441 260 515 missum,
275 461 333 503 non
353 462 443 502 esseni
464 454 521 503 tom
542 444 708 515 inurbanus,
723 462 758 503 oo
770 460 851 520 pene
871 441 913 500 in·

130 538 283 611 humanus,
309 540 350 598 uti
383 558 419 597 eo
452 558 594 617 gravarer,
620 540 697 617 quod
725 558 775 597 vos
807 552 913 599 enuere

131 635 276 695 sentirem.

172 730 250 791 Tum
276 733 430 809 Sulpicius,
452 732 500 791 An
524 750 603 811 ergo,
624 732 727 808 inquit,
747 732 852 793 oblitus
871 749 913 803 es,

133 826 247 899 Crasse,
267 829 426 891 Antonium
449 828 490 887 ite
510 829 647 906 partitum
667 847 732 887 esse
752 839 860 900 teourn,
881 836 943 886 ut5

133 924 194 999 ipse
213 924 431 983 instrumentum
451 918 572 984 oratoris
596 935 760 1001 exponeret,
780 924 833 983 tibi
852 925 914 1002 ejus

132 1020 345 1079 diminutionem
367 1031 450 1096 utque
470 1032 601 1080 ornatum
621 1022 813 1096 relinqueretl
853 1020 913 1079 Hie

132 1115 190 1188 ille,
204 1115 341 1189 Primum,
355 1118 419 1193 quis
433 1118 561 1176 Antonio
573 1118 710 1193 permisit,
725 1118 826 1193 inquit,
840 1127 872 1175 ut
884 1126 913 1174 et

132 1222 225 1288 portes
245 1212 362 1285 luceret,
377 1222 415 1284 et,
430 1223 522 1273 utram
542 1214 636 1285 vellet,
649 1214 725 1289 prior
745 1213 806 1288 ipse
820 1230 914 1271 sume·

132 1309 195 1367 rett
234 1307 359 1379 Deinde,
379 1309 404 1366 si
424 1328 477 1386 ego
497 1319 575 1367 reete
596 1308 732 1380 intellexi,
747 1327 814 1365 oum
832 1308 914 1366 valde
930 1316 959 1365 ιο

131 1404 254 1463 libenter
281 1404 419 1475 audirem,
439 1405 510 1462 mihi
536 1405 692 1481 conjuncte
712 1414 756 1462 est
775 1404 852 1461 risus
878 1402 914 1460 de

132 1500 254 1575 utrique
267 1519 299 1557 re
312 1500 417 1557 dicere.
457 1500 509 1558 Ille
523 1519 600 1572 vero,
615 1500 707 1575 inquit
725 1498 821 1571 Cotta,
834 1516 916 1557 orno·

132 1606 231 1654 menta
244 1595 382 1653 orationis
402 1615 458 1655 non
480 1597 582 1674 attigit,
596 1614 687 1673 neque
706 1614 771 1654 eum
790 1596 914 1667 laudem,

133 1710 170 1749 ex
183 1691 239 1768 qud
252 1692 415 1768 eloquentie
428 1711 532 1751 nomen
553 1692 645 1770 ipsum
662 1692 778 1751 invenit.
818 1692 916 1751 Verba

133 1789 231 1866 igitur,
251 1789 344 1864 inquit
369 1789 500 1862 Crassus,
522 1791 592 1848 mihi
618 1790 732 1866 reliquit
759 1790 913 1862 Antonius,
929 1801 960 1850 15

132 1903 193 1944 rem
208 1885 269 1962 ipse
282 1886 390 1944 sumsit.
481 1901 483 1908 ’

172 1980 250 2040 Tum
276 1982 383 2054 Caeser,
405 1983 447 2054 Si,
468 1983 543 2058 quod
568 1983 712 2042 difficilius
738 1995 791 2053 est,
811 1985 840 2041 id
861 1984 915 2042 tibi

133 2078 257 2154 reliquit,
278 2088 322 2136 est
342 2079 435 2151 nobis,
457 2079 558 2155 inquit,
579 2098 676 2150 eausa,
696 2098 748 2138 our
767 2090 796 2137 te
817 2080 915 2137 audire

134 2176 298 2251 oupiemrrs3
320 2175 374 2247 sin,
389 2176 465 2250 quod
486 2175 609 2246 facilius,
622 2175 675 2232 tibi
690 2193 848 2243 eumenen
862 2184 914 2244 est,

135 2288 187 2328 our
207 2288 329 2328 reorrses.
383 2268 691 2341 modulantium
714 2270 790 2346 quod
810 2269 915 2340 dixisti,
930 2280 962 2330 eo

135 2365 237 2440 inquit,
252 2364 365 2437 Crasse,
379 2364 404 2421 si
417 2363 466 2422 hio
479 2364 566 2421 hodie
587 2364 660 2440 apud
680 2373 709 2422 te
726 2382 914 2438 maneremus,

135 2471 164 2519 te
178 2479 285 2518 morem
305 2460 388 2518 nobis
408 2479 470 2518 esse
488 2470 643 2537 gesturum,
657 2461 767 2518 nihilne
781 2462 817 2520 ud
829 2461 915 2520 fidem

136 2567 214 2615 tuom
246 2567 329 2634 putes
360 2556 522 2632 pertineret
579 2551 658 2615 'l'irm
690 2557 777 2616 Cotto
808 2557 914 2628 ridens,

136 2653 254 2711 Possem
286 2652 348 2724 tibi,
376 2653 476 2728 inquit,
510 2652 624 2726 Crasse,
655 2653 832 2712 concedere:
865 2653 916 2711 sed

136 2749 210 2821 ride,
231 2748 354 2823 nequid
376 2747 495 2807 Catulus
517 2749 642 2807 attulerit
661 2749 824 2827 religionis:
845 2766 917 2825 opus
931 2766 963 2816 25

136 2844 191 2903 hoe
211 2844 373 2902 censorium
392 2855 451 2902 est:
479 2845 508 2902 id
529 2855 624 2903 eutem
644 2846 832 2917 committere,
852 2845 918 2904 ride

137 2958 222 3016 quom
240 2941 279 2998 sit
297 2939 408 2998 homini
433 2931 515 3016 turpe
542 2941 682 2998 oensorio.
733 2940 821 3019 Agite
840 2960 916 3011 vero,

137 3035 187 3094 ille
201 3035 301 3110 inquit,
315 3047 346 3094 ut
359 3035 458 3093 vultis:
479 3036 529 3093 sed
545 3054 625 3094 nune
643 3037 768 3112 quidem,
782 3036 917 3111 quonism
