2167 3525
113 232 205 293 nm]
392 232 434 279 on
456 230 618 282 onerose
880 214 938 273 143

110 400 204 456 neque
237 380 422 441 Aristotelem
452 374 548 453 istum,
575 398 668 456 neque
701 377 889 449 carneadem,

109 494 164 535 neo
183 476 411 554 philosophorum
425 494 604 554 quemquam,
617 474 765 534 desidero:
785 474 829 533 rel
844 493 889 535 mo

109 571 178 630 lieet
197 572 340 634 existimes
359 572 508 647 desperare
529 570 584 629 iste
608 590 691 649 posse
717 570 889 649 perdiscere,

108 667 153 725 rel
175 666 218 745 (id
238 668 315 745 quod
333 668 422 749 facio)
450 678 642 728 contemnere.
693 667 767 730 Mihi
793 686 888 727 rerum

109 762 264 825 forensium
278 775 306 839 pt
319 764 514 829 eommunium
533 762 658 842 vulgaris
676 767 739 826 heo
760 762 917 843 eognitiot

108 859 178 919 eatis
196 878 300 937 magne
319 869 363 917 est
383 860 418 917 ad
438 878 511 931 enm,
528 878 614 935 quem
633 870 739 937 specto,
754 861 888 936 eloquen-

106 953 192 1026 tiam;
213 972 249 1014 ex
262 955 319 1033 qud
339 954 400 1032 ipsi
415 964 510 1019 tamen
529 954 670 1031 permulta
688 955 803 1027 neseio;
824 954 905 1032 qoe'

108 1062 168 1108 turn
200 1050 334 1129 denique,
361 1069 428 1109 oum
460 1068 549 1115 oeuso
581 1050 684 1129 aliquo¹
710 1070 772 1128 qum
799 1070 815 1111 a
839 1067 886 1127 me

108 1146 231 1206 dicende
262 1157 314 1220 est,
340 1145 493 1227 desiderat,
522 1164 626 1225 quaero.
678 1144 885 1219 Quamobrem,

107 1242 163 1302 nisi
183 1242 256 1302 forte
275 1262 307 1304 os
322 1244 382 1322 jam
402 1243 537 1317 defessus,
552 1244 619 1311 etsi
638 1242 690 1303 tibi
709 1248 768 1306 non
787 1260 887 1323 graves
902 1246 931 1295 lo

107 1356 215 1411 sumus,
229 1340 303 1399 refer
323 1340 358 1397 'ad
379 1340 485 1413 illoto,
504 1344 576 1416 quae'
588 1342 624 1399 ad
644 1328 887 1425 ipsius'orationi's

106 1431 221 1491 leodem
247 1434 481 1514 splendoremque
505 1434 665 1511 pertinent;
692 1452 754 1511 qne
776 1452 832 1512 ego
851 1452 887 1500 er

107 1540 136 1587 te
152 1528 249 1588 audire
263 1528 348 1603 volui,
362 1548 420 1593 noo
440 1539 472 1589 nt
491 1529 670 1607 desperarem
688 1548 736 1587 me
754 1529 886 1605 eloquens

107 1623 177 1684 tiern
198 1625 332 1701 consequi
352 1644 443 1705 posse,
457 1625 507 1691 sed
521 1635 553 1691 nt
574 1624 680 1710 aliquid
700 1624 883 1692 oddisoerem

147 1814 304 1876 XXXVII.
334 1815 413 1880 Turn
451 1813 582 1888 Crassos,
618 1813 802 1892 Pervnlgotn
839 1833 885 1877 res
900 1820 931 1877 15

109 1912 236 1999 requiris,
256 1911 357 1988 inquit,
377 1919 406 1971 et
425 1910 477 1976 tibi
495 1929 556 1970 non
576 1910 745 1988 incognitas,
763 1909 883 1988 Sulpici,

107 2007 184 2070 Quis
209 2007 286 2069 enim
318 2007 354 2068 de
388 2007 443 2066 isto
475 2025 581 2084 genere
605 2025 664 2068 non
691 2007 799 2085 docuit,
816 1992 885 2076 non

109 2101 240 2172 instituit,
266 2120 323 2161 non
353 2101 437 2160 etiem
471 2102 608 2176 seriptum
639 2100 774 2176 reliquit?
825 2100 886 2164 ¹Sed

108 2215 206 2274 geram
234 2214 340 2254 morem
367 2206 396 2254 et
414 2214 450 2254 ea
468 2195 616 2268 duntaxat,
634 2214 698 2271 nure
720 2195 792 2254 nihi
816 2205 888 2256 nota

109 2301 184 2364 sunt,
199 2279 319 2350 brevite'r
338 2309 477 2368 exponam
497 2290 567 2362 tibi3
587 2291 711 2351 censebo
730 2301 836 2364 tamen,
851 2291 887 2352 ed
901 2278 933 2342 20

109 2407 168 2461 eos,
182 2389 231 2464 qui
253 2397 383 2446 auctores
395 2396 424 2444 et
437 2387 599 2450 inventores
618 2397 684 2448 sont
703 2388 803 2447 herum
817 2407 887 2446 sene

109 2485 280 2543 minutarum
300 2501 404 2556 rerum,
424 2483 631 2551 revertendum,
671 2483 776 2544 Omnis
801 2483 888 2567 igitur

110 2580 200 2640 oratio
233 2579 384 2639 oonfioitur
410 2597 445 2638 ox
470 2579 563 2637 verbis
570 2601 579 2651 ς
612 2598 732 2657 quornm
764 2581 888 2657 primum

109 2676 192 2734 nobis
211 2675 284 2737 ratio
304 2674 470 2752 simpliciter
489 2674 613 2738 ridendo
631 2685 684 2747 est,
697 2675 802 2734 deinde
821 2692 889 2732 oon-

106 2771 222 2849 junotet
250 2789 316 2830 nam
336 2770 512 2847 estquidam
532 2781 650 2828 ornatus
672 2769 820 2841 orationis,
840 2769 890 2845 qui
904 2773 937 2831 25

111 2885 145 2925 ex
165 2867 283 2944 singulis
303 2866 395 2923 verbis
415 2875 473 2936 est;
496 2864 577 2937 alins,
592 2865 640 2939 qni
660 2884 696 2922 ex
715 2864 891 2922 continuatis

112 2962 328 3038 conjunctisque
349 2970 468 3018 constat.
508 2959 588 3036 Ergo
607 2970 719 3018 utemur
734 2961 828 3018 verbis
842 2971 891 3018 ent
