2167 3525
124 252 166 320 86
444 248 674 354 nnsonnronuss
859 268 955 327 [nrm

170 413 255 475 laude
287 414 393 488 floruit,
420 434 506 492 quarn
538 417 634 475 fructu
667 415 870 493 amplitudinis,
905 428 955 477 eut

170 512 334 588 reipublicae
354 512 502 591 dignitate.
541 512 605 575 Qui
625 523 719 572 autem
739 513 767 571 ei
788 532 879 571 annus
897 514 955 589 pri·

169 625 233 665 mus
254 608 290 666 ab
309 608 449 669 honorum
468 609 667 687 perfunctione
691 608 811 682 aditum,
825 609 953 667 omnium

170 722 320 778 concessu,
349 705 385 763 ad
411 726 551 765 summam
581 705 778 765 auctoritatem
805 706 900 777 dabat,
929 706 954 763 is

137 799 240 877 5ejus-
254 819 371 860 omnem
398 820 478 879 spem
505 813 590 879 atque
618 801 716 859 omnia
741 801 806 860 vitae
832 802 954 860 consilia

168 908 260 955 morte
279 899 422 975 pervertit.
463 899 531 957 Fuit
545 899 601 957 hoc
614 899 777 957 luctuosum
790 899 859 971 suis,
875 917 954 957 acer·

168 994 237 1053 bum
254 996 363 1071 patriae,
377 1015 463 1074 grave
483 996 567 1054 bonis
586 996 735 1053 omnibus:
757 995 808 1052 sed
820 994 842 1052 ii
855 1006 952 1053 tamen

167 1092 373 1169 rempublicam
401 1112 484 1152 casus
511 1093 604 1151 secuti
633 1102 709 1164 sunt,
737 1102 769 1150 ut
794 1092 866 1149 mihi
892 1111 952 1152 nou

168 1198 265 1265 erepta
284 1188 318 1248 L.
339 1190 444 1249 Crasso
464 1208 481 1249 a
500 1190 565 1248 Diis
585 1189 799 1259 immortalibus
812 1189 880 1261 rito,
900 1189 953 1247 sed

121 1296 153 1347 10
168 1284 273 1345 donata
292 1304 378 1359 mors,
392 1304 455 1345 esse
475 1286 613 1345 videntur.
653 1285 723 1343 Non
741 1285 812 1343 vidit
831 1284 952 1363 flagrem

167 1391 225 1439 tem
246 1380 322 1440 bello
341 1381 464 1455 Italiam,
484 1401 544 1440 non
565 1382 711 1439 ardentem
738 1379 845 1438 invidis
870 1400 952 1439 sena·

168 1488 238 1552 tum,
252 1497 312 1539 nou
325 1480 442 1541 sceleris
461 1479 563 1539 nefarii
581 1478 726 1555 principes
739 1477 863 1535 civitatis
876 1496 951 1551 reos,

167 1593 227 1633 uon
257 1575 367 1633 luctum
400 1576 475 1648 filiae,
503 1594 560 1634 nou
593 1575 722 1633 exsilium
755 1573 864 1652 generi,
891 1592 952 1635 non

169 1670 380 1731 acerbissimam
401 1672 436 1729 C.
458 1671 546 1729 Marii
572 1671 680 1749 sugam,
699 1689 758 1729 non
785 1670 862 1728 illam
887 1681 952 1747 post

121 1782 152 1830 15
167 1767 289 1825 reditum
303 1768 365 1844 ejus
379 1767 485 1826 caedem
499 1768 627 1825 omnium
642 1766 878 1838 crudelissimam,
892 1785 950 1826 nou

166 1862 291 1938 denique
311 1862 340 1921 in
361 1867 441 1922 omni
458 1881 566 1940 genere
593 1862 779 1922 deformatam
798 1881 862 1921 eam
882 1863 951 1921 civi·

167 1968 264 2031 tatem,
279 1959 309 2016 in
323 1959 380 2034 qut
394 1957 454 2034 ipse
468 1958 668 2018 florentissimis
682 1958 803 2032 multum
816 1958 951 2017 omnibus

167 2055 259 2135 glorid
271 2053 459 2132 prestitisset.

206 2252 262 2312 III.
294 2253 353 2312 Sed
385 2251 520 2328 quoniam
565 2252 646 2329 attigi
683 2251 860 2331 cogitatione
891 2253 948 2311 vim

120 2352 152 2418 ἓ)
168 2348 389 2426 varietatemque
404 2349 532 2420 lortunae,
547 2367 605 2406 non
619 2349 766 2426 vogabitur
780 2349 871 2406 oratio
884 2367 950 2407 mea

167 2445 292 2522 longius,
314 2455 396 2522 etque
415 2445 456 2503 eis
477 2445 536 2502 sere
557 2445 626 2521 ipsis
645 2445 795 2504 definietur
809 2445 886 2516 viris,
899 2446 948 2522 qui

167 2547 224 2602 lroc
244 2559 384 2613 sermone,
405 2559 490 2616 quem
510 2542 616 2599 referre
635 2541 782 2618 ooepimus,
803 2542 950 2601 continen-

169 2649 222 2698 tur.
271 2637 350 2700 Quis
375 2637 452 2696 enim
479 2656 537 2698 non
561 2637 626 2714 jure
652 2639 763 2696 beatam
790 2638 824 2697 L.
851 2639 949 2696 Crassi

169 2747 287 2796 mortem
314 2735 401 2807 illem,
425 2753 487 2810 quae
510 2744 554 2791 est
577 2753 594 2792 a
616 2734 712 2792 multis
738 2753 812 2810 saepe
836 2734 948 2808 delleta,

121 2831 280 2903 indixerit,
301 2851 366 2890 cum
387 2829 488 2888 horum
515 2829 640 2906 ipsorum
667 2829 713 2901 sit,
733 2830 781 2906 qui
801 2840 860 2887 tum
882 2849 951 2893 cum

169 2929 218 2988 illo
247 2938 421 3005 postremum
454 2927 513 2986 fere
546 2925 681 2983 collocuti
713 2935 789 2997 sunt,
816 2937 949 2984 eventum

169 3025 354 3085 recordatus?
393 3023 542 3083 Tenemus
555 3024 632 3081 enim
647 3023 794 3096 memoriis,
808 3022 848 3086 Q.
863 3023 951 3082 Catu.-
