2167 3525
110 321 202 383 nur]
393 325 436 373 na
458 326 621 373 onnrona.
887 317 943 375 177

109 471 146 531 ab
165 472 228 550 ipsit
249 475 434 534 contentione
453 477 607 536 revocabit.
648 475 700 535 Est
714 476 781 536 item
796 492 896 535 contra

108 572 254 644 quoddam
279 573 310 630 in
338 574 505 632 remissione
537 574 745 652 gravissimum,
773 592 895 650 quoque,

108 676 246 745 tanquam
266 687 400 727 sonorum
423 669 569 747 gradibus,
590 670 782 730 descenditur.
823 669 896 729 Haec

109 764 241 838 varietas,
256 776 286 824 et
305 766 353 824 hic
366 785 417 844 per
430 785 531 826 omnes
545 786 631 826 sonos
644 768 723 827 vocis
743 769 853 839 bursus,
867 778 897 825 et

109 877 141 917 se
160 859 295 932 tuebitur,
316 871 345 919 et
366 861 474 919 actioni
501 862 600 920 afferet
620 863 796 921 suavitatem.
838 861 927 920 Sede

108 953 295 1013 fistulatorem
306 955 384 1013 domi
398 956 581 1032 relinquetis;
601 976 717 1016 sensum
731 957 815 1034 hujus
829 975 896 1017 con·

108 1050 270 1135 suetudinis
283 1052 433 1110 vobiscum
446 1053 482 1110 ad
495 1052 589 1112 forum
603 1053 745 1112 deferetis.

102 1147 105 1151 ’
148 1145 245 1219 Edidi‚
267 1166 331 1223 quar
356 1149 447 1224 potui,
468 1167 528 1206 non
555 1159 588 1207 ut
607 1150 694 1222 volui,
714 1150 765 1209 sed
791 1161 823 1209 ut
848 1169 895 1209 me

3 1222 4 1253 ³
109 1243 245 1321 temporis
265 1245 403 1322 angustiae
423 1248 590 1322 coegerunt.
631 1246 744 1304 Scitum
762 1257 805 1304 est
817 1247 895 1305 enim

110 1357 226 1398 causam
241 1340 373 1399 conferre
386 1341 416 1399 in
431 1352 554 1420 tempus,
569 1360 634 1402 cum
652 1343 753 1404 afferre
765 1343 857 1421 plura,
872 1343 896 1406 si
912 1355 943 1404 10

108 1436 219 1513 cupias,
234 1455 293 1494 non
307 1456 404 1513 queas.

148 1532 199 1590 Tu
207 1551 284 1604 vero,
294 1533 386 1609 iuquit
396 1535 527 1609 Catulus,
536 1536 679 1614 collegisti
688 1537 786 1596 omnia
796 1537 897 1615 (quau-

108 1639 171 1687 tum
184 1647 239 1706 ego
252 1649 368 1707 possum
385 1631 530 1712 judicare)
546 1633 587 1691 ita
599 1632 746 1706 divinitus,
761 1644 865 1692 utnon
880 1653 896 1694 a

108 1725 220 1785 Grecis
234 1726 378 1801 didicisse,
389 1717 440 1789 sed
453 1748 504 1788 eoa
517 1729 594 1807 ipsos
608 1728 670 1789 hec
685 1730 788 1790 docere
800 1749 894 1810 posse,

108 1823 243 1881 videare..
274 1822 325 1883 Me
344 1826 460 1903 quidem
478 1826 562 1885 istius
574 1828 715 1886 sermonis
727 1828 895 1905 participem
912 1835 943 1884 15
1027 1811 1031 1821 ¹

109 1919 217 1979 facturn
237 1940 301 1980 esse
320 1922 448 1999 gaudeo:
470 1943 505 1982 ac
518 1923 629 1997 vellem,
644 1935 676 1984 ut
695 1942 777 1983 meus
796 1944 894 2004 gener,

109 2017 215 2076 sodalis
228 2028 304 2091 tuus,
319 2018 503 2093 Hortensius,
518 2022 645 2082 affuisset
653 2042 660 2093 ;
681 2040 766 2099 quem
779 2023 895 2101 quidem

109 2132 165 2191 ego
178 2115 293 2173 confido
313 2117 447 2177 omnibus
467 2117 528 2175 istis
548 2117 691 2189 laudibus,
704 2136 774 2195 quas
787 2128 819 2176 tu
833 2137 895 2177 ora-

109 2210 189 2268 tione
209 2210 374 2287 complexus
394 2231 435 2283 es,
449 2212 637 2272 excellentem
651 2213 719 2273 sore.
760 2212 798 2271 Et
811 2214 895 2274 Cras-

110 2325 168 2378 sus,
189 2305 317 2364 “Fore''
339 2306 433 2366 dicist
459 2308 568 2383 inquit:
595 2327 651 2386 ego
671 2328 736 2369 vero
755 2328 818 2368 esse
835 2312 895 2389 jam
910 2320 942 2370 20

107 2402 218 2481 judico,
245 2413 275 2461 et
302 2412 363 2461 tum
387 2404 523 2480 judicavi,
544 2423 621 2477 curn,
641 2423 688 2463 me
715 2407 843 2481 consule,
865 2408 895 2469 in

4 2547 5 2574 ,
110 2510 211 2559 senatu
231 2518 348 2558 oausam
368 2500 497 2558 defendit
510 2501 628 2574 Aureae,
642 2521 788 2579 nuperque
808 2504 894 2565 etiam

4 2621 5 2648 ;
110 2596 212 2674 magis,
221 2615 288 2655 curn
298 2614 350 2673 pro
360 2596 502 2674 Bithyniae
511 2617 578 2676 rege
587 2599 666 2662 dim.
695 2598 894 2662 Quamobrem

110 2701 189 2750 recte
206 2692 295 2765 vides,
310 2692 429 2751 Catule:
451 2694 522 2752 nihil
543 2695 619 2753 enirn
641 2695 688 2753 isti
709 2696 891 2770 adolescenti,

110 2807 204 2863 neque
218 2808 235 2847 a
247 2790 351 2849 naturt
370 2809 463 2866 neque
485 2810 502 2849 a
520 2791 663 2862 doctrine,
678 2792 777 2851 deesse
792 2793 892 2853 sentio.
909 2804 941 2855 25

111 2884 181 2948 Quo
201 2885 292 2963 magis
311 2896 355 2944 est
374 2887 436 2959 tibi,
450 2887 547 2959 Cotta,
565 2897 595 2945 et
613 2888 676 2961 tibi,
691 2888 812 2965 Sulpici,
826 2889 895 2967 vigi.

111 2981 228 3039 landum
242 3000 276 3040 ac
289 2982 493 3042 laborandum:
513 3002 572 3042 non
586 2984 664 3042 enim
682 2984 729 3043 ille
743 2986 894 3046 mediocria

110 3086 206 3135 orator
218 3087 318 3135 restrae
331 3078 412 3153 quasi
425 3079 583 3137 succrescit
597 3080 691 3137 etati:
712 3080 762 3137 sed
776 3091 804 3138 et
815 3081 893 3159 inge·
