2167 3525
136 246 175 305 et
439 228 497 305 'os
519 258 683 305 ousrons.
882 256 922 317 [a.
933 257 965 302 11.

194 406 345 479 ¹»Narrrue
369 425 435 466 vero
459 426 519 465 rem
543 408 619 484 quod
645 407 768 469 breviter
791 408 907 483 jubent3
938 406 966 464 si

182 504 303 563 brevitas
330 505 497 581 appellanda
530 516 584 577 est,
611 522 676 561 eum
704 505 821 561 verbum
853 503 967 561 nullum

181 600 332 673 redundat,
353 601 446 659 brevis
466 614 510 659 est
530 600 564 659 L
585 599 681 659 Crassi
708 600 816 670 oratio;
837 600 883 657 sin
903 611 966 658 tum

180 706 224 755 est
238 696 370 770 brevitas,
385 716 452 757 oum
466 707 576 756 tantum
591 699 740 757 verborum
758 707 812 768 est,
826 706 965 771 quantum

151 799 299 851 bneoesse
322 804 375 865 est,
400 793 553 867 aliquando
577 793 606 851 id
629 812 702 869 opus
725 804 784 851 est:
814 791 865 850 sed
888 810 965 868 supe

181 889 262 947 obest
276 889 319 947 vel
341 889 463 947 maxime
483 890 513 947 in
533 890 686 961 narrando,
700 908 759 947 non
778 889 870 947 solum
887 889 965 963 quod

181 986 384 1048 obseuritutem
406 987 496 1059 affert,
517 986 673 1044 sedetiam
694 988 770 1061 quod
796 1004 859 1043 eam
879 986 965 1043 virtu·

181 1092 248 1154 tem,
263 1100 325 1157 quae
345 1083 517 1142 narrationis
537 1093 581 1140 est
593 1083 726 1154 maxima,
740 1093 772 1141 ut
781 1081 920 1158 juouuda,
934 1092 965 1139 et

182 1178 217 1235 ud
236 1179 464 1253 persuadendum
492 1179 709 1239 aooommodata
727 1178 774 1251 sit,
794 1178 876 1237 tollit.
925 1178 965 1236 Ut

137 1286 167 1335 10
181 1274 239 1347 illa,
252 1281 280 1321 ,⁴⁶
290 1274 320 1333 N
323 1294 367 1333 am
387 1276 412 1333 is
430 1286 579 1351 postquam
606 1275 728 1333 excessit
754 1293 790 1332 ex
815 1275 961 1350 ephebis,”

181 1390 265 1446 quam
287 1372 374 1449 longa
397 1382 441 1429 est
464 1370 606 1431 narratio!
650 1370 750 1430 Mores
773 1370 964 1429 adolescentis

181 1467 279 1543 ipsius,
303 1477 331 1526 et
358 1468 467 1530 servilis
493 1468 680 1545 permutatio,
701 1486 778 1525 mors
803 1467 963 1543 Chrysidis,

180 1563 274 1621 vultus
294 1574 323 1621 et
343 1564 434 1623 forme
460 1574 489 1621 et
515 1564 681 1622 lamentatio
707 1562 823 1635 sororis,
843 1563 962 1638 reliqua,
1021 1593 1030 1611 e

180 1660 307 1733 pervarie
324 1660 508 1735 jucundeque
528 1670 686 1721 narrantur.
731 1659 823 1721 Quod
842 1660 868 1719 si
887 1660 964 1720 hano

137 1767 167 1817 15
181 1754 346 1814 brevitatem
361 1754 517 1830 quesisset,

279 1915 295 1942 “
304 1911 420 1974 Effertur,
430 1913 510 1972 imus;
527 1913 558 1961 ad
569 1913 712 1976 sepulerum
722 1914 852 1963 uenimusz

239 2061 242 2066 Ι
305 1991 429 2058 inignem
440 1993 519 2059 posita
529 1993 593 2055 est,”

183 2140 256 2218 [sere
276 2141 376 2198 deoern
396 2141 558 2222 versieulis]
583 2151 674 2199 totum
695 2143 839 2201 conficere
857 2143 963 2219 potuis·

181 2249 239 2296 set:
267 2257 427 2314 quanquam
455 2239 511 2295 hoo
537 2239 640 2315 ipsum,
669 2239 831 2310 “Effertur,
858 2239 961 2312 imus,”

136 2343 167 2394 20
180 2335 327 2392 ooneisum
348 2345 401 2406 est,
416 2335 465 2406 ita,
480 2345 511 2392 ut
530 2353 589 2394 uon
610 2336 740 2393 brevitati
760 2336 894 2393 servitum
914 2336 962 2408 sit,

180 2428 230 2488 sed
250 2430 341 2506 magis
356 2430 504 2488 venustati.
546 2431 635 2492 Quod
649 2432 674 2490 si
687 2430 758 2488 nihil
773 2431 881 2503 suisset,
896 2432 961 2503 uisi,

181 2532 199 2559 “
209 2525 244 2582 In
259 2525 354 2601 iguem
374 2524 467 2600 posita
479 2535 521 2582 est
530 2545 537 2594 ;
546 2527 562 2552 ”
584 2537 679 2583 tamen
693 2545 739 2584 res
752 2535 812 2584 tota
826 2527 962 2603 cognosci

180 2621 264 2680 iaoile
284 2620 431 2696 potuisset.
473 2620 530 2677 Sed
551 2631 581 2679 et
600 2621 779 2681 festivitatem
801 2623 886 2680 habet
899 2642 963 2682 nar·

179 2717 252 2776 ratio
272 2717 407 2774 distincta
425 2717 565 2792 personia,
579 2727 609 2774 et
627 2717 807 2793 interpuncta
826 2720 963 2779 sermoni·

134 2827 166 2876 z
180 2813 249 2874 bus:
270 2823 299 2870 et
318 2823 361 2870 est
379 2813 565 2888 probabilius,
579 2812 656 2888 quod
669 2824 781 2890 gestum
794 2833 857 2872 esse
871 2814 961 2888 dieas,

179 2927 255 2979 oum,
289 2909 527 2984 quemadmodum
561 2920 656 2969 aetum
690 2909 736 2981 sit,
765 2929 900 2985 exponas,
932 2922 962 2970 et

179 3005 268 3064 multo
289 3005 413 3080 apertius
434 3005 469 3062 ud
488 3004 705 3082 intelligendum
725 3016 778 3079 est,
791 3006 816 3065 si
831 3007 874 3065 sio
894 3026 961 3066 oon·
