2167 3525
158 218 252 293 nm]
442 228 485 279 nn
507 222 676 280 onerosa,
948 213 992 281 ὅ

158 390 227 439 sunt
245 377 436 452 concidenda,
450 378 475 437 si
494 378 632 437 Crassum
645 377 688 436 vis
707 380 861 440 cobrccre:
881 374 946 439 boo

158 476 214 534 tibi
226 484 271 534 est
283 476 442 535 excidenda
454 476 554 555 lingua
561 496 569 548 ;
590 475 648 552 qub
661 474 706 533 vel
721 475 830 547 evulsa,
843 474 945 554 spiritu

158 574 224 650 ipso
236 573 383 633 libidinem
396 584 476 633 tuam
489 574 607 633 libertas
619 591 685 633 mea
696 572 860 631 refutabit”

199 766 238 827 ΙΙ.
268 768 414 827 Permulta
445 779 507 827 tum
539 769 791 830 vehementissimi
826 778 945 830 conten·

159 865 239 924 tione
265 865 364 939 animi,
384 864 504 943 ingenii,
523 865 637 941 virium,
659 868 695 926 ab
718 886 753 928 eo
777 866 856 926 (licta
880 873 974 927 essen

158 962 324 1035 constabat3
358 961 585 1040 sententiamque
617 980 691 1037 eam,
715 983 801 1041 quam
827 975 945 1023 sennua

157 1058 292 1136 frequens
309 1069 429 1117 secutus
447 1069 492 1117 est
514 1059 703 1119 ornatissimis
721 1071 751 1119 et
769 1060 945 1139 gravissimis

157 1155 261 1229 verbis,
276 1154 344 1215 “Ut
355 1155 463 1232 populo
476 1154 612 1214 Romano
624 1157 784 1230 satisfieret,
797 1174 945 1233 nunquam

156 1251 275 1311 senatis
287 1270 381 1328 neque
395 1251 548 1311 consilinm
561 1252 738 1329 reipublice,
750 1271 846 1330 nequa
858 1252 945 1311 noem

156 1345 312 1419 uetuisse?
328 1347 364 1405 ab
377 1363 413 1407 eo
425 1345 549 1405 dictam:
569 1356 599 1405 et
612 1348 736 1406 eundem
755 1346 800 1424 (id
818 1349 893 1424 qnod
913 1348 989 1407 in1⁰

158 1442 377 1503 auctoritatibus
401 1442 574 1520 praescriptis
599 1444 705 1524 exstat)
729 1442 882 1503 scribendo
905 1444 944 1503 af

156 1538 255 1598 fuisse.

197 1635 252 1695 Illa
264 1646 400 1714 tanquam
414 1656 524 1715 cycnea
537 1637 591 1696 fuit
603 1636 692 1696 divini
708 1638 833 1698 bominis
845 1658 900 1698 vox
912 1650 941 1700 et

157 1737 260 1808 oratio,
273 1752 358 1812 quum
372 1734 453 1813 quasi
471 1744 680 1814 exspectantes,
693 1746 758 1813 post
771 1736 833 1813 ejus
845 1737 942 1796 interi-

155 1844 217 1891 tum
237 1831 422 1891 veniebamus
447 1833 477 1891 in
504 1832 624 1906 curiam,
646 1843 678 1891 ut
697 1833 847 1912 vestigium
870 1835 942 1894 illud
957 1836 988 1886 15

156 1929 259 2007 ipsum,
280 1929 311 1988 in
333 1947 390 2006 quo
417 1929 465 1988 ille
491 1941 666 2007 postremum
692 1931 852 2004 institimet
872 1950 942 1990 con·

156 2036 308 2084 tueremur.
349 2023 483 2101 Namque
502 2035 563 2084 tum
583 2025 659 2083 latus
672 2025 700 2084 ei
712 2025 821 2084 dicenti
834 2027 942 2084 condo·

155 2121 253 2193 luisse,
280 2120 470 2196 sudoremque
499 2120 620 2179 multum
654 2131 841 2178 consecutum
866 2140 940 2193 esse,

157 2216 359 2275 audiebamus:
394 2235 430 2274 ex
455 2234 512 2292 quo
543 2235 611 2274 cum
644 2215 846 2288 cohorruisset,
873 2235 940 2276 cum

157 2313 229 2371 febri
263 2312 378 2372 domum
419 2313 513 2384 rediit,
547 2312 651 2388 dieque
688 2313 810 2388 septimo
842 2313 939 2374 lateris
953 2325 986 2377 2⁰

156 2409 253 2468 dolore
281 2421 447 2468 consumtus
477 2417 528 2464 est.
569 2407 599 2465 Ο
629 2407 759 2469 fallacem
790 2409 938 2470 bominum

156 2523 246 2582 spem,
269 2504 455 2583 fragilemque
479 2504 631 2577 fortunam,
653 2514 683 2563 et
706 2505 806 2565 inanes
827 2518 939 2566 nostras

156 2602 372 2660 contentiones!
400 2619 463 2678 quae
484 2601 514 2659 in
533 2600 630 2658 medio
649 2601 741 2677 spatio
764 2621 839 2679 saepe
865 2603 937 2662 fran-

156 2708 273 2776 guntin,¹
298 2707 327 2756 et
354 2707 501 2770 corruunt,
528 2706 558 2755 et
586 2706 663 2768 ante,
688 2696 719 2756 in
746 2699 809 2774 ipso
840 2712 935 2773 cursu,

156 2795 326 2867 obruuntur,
345 2811 430 2870 quam
449 2803 564 2871 portum
584 2793 753 2870 conspicere
774 2806 936 2872 potuerunt
953 2813 985 2863 ns

156 2889 244 2964 Num,
257 2890 393 2967 quamdiu
407 2890 504 2950 Crassi
518 2889 573 2948 fnit
588 2890 753 2950 ambitionis
771 2891 868 2951 labore
880 2895 937 2958 vita

157 2986 296 3060 districta,
309 2986 418 3046 tamdiu
438 2986 555 3064 privatis
568 2986 660 3064 magis
671 2986 774 3046 officiis
787 2999 817 3045 et
830 2988 939 3064 ingenii

234 3101 299 3142 voa.
315 3101 347 3142 rr.
463 3083 483 3144 8
