2167 3525
146 304 186 367 ⁰⁰
463 316 507 363 uu
530 316 693 363 eunoun
882 311 975 375 [nnn

231 463 266 523 V.
297 464 336 525 Ut
368 466 455 544 igitur
489 476 555 525 ente
588 466 738 525 meridiem
772 464 977 535 discesserunt,
1075 533 1076 540 ἵ

191 562 394 639 paululumque
427 564 602 641 requierunt,
630 565 660 623 iu
685 562 786 641 primis
817 562 875 620 lroc
901 580 919 620 a
943 580 977 619 se
1075 557 1076 588 r

191 658 279 719 Cotto
305 662 531 721 animadversum
558 680 622 722 esse
648 660 773 732 dicebat,
793 676 881 717 omne
905 658 977 715 illud

191 764 303 833 tempus
322 757 512 816 meridianum
531 756 669 815 Crassum
688 756 719 813 in
737 755 877 813 acerrimi
891 764 977 829 utque

161 852 380 911 dattentissimd
399 852 575 931 cogitatione
600 853 731 929 posuisse
738 872 747 923 ;
773 868 904 925 seseque,
925 850 976 925 qui
1075 903 1076 930 3

191 948 300 1006 vultum
314 948 386 1025 ejus,
400 948 508 1007 cumei
522 948 677 1007 dicendum
689 958 774 1019 esset,
788 948 977 1021 olttutumque
1075 1027 1076 1034 ἵ

191 1043 341 1103 oculorum
360 1046 391 1103 in
411 1044 576 1123 cogitando,
598 1045 687 1120 probe
712 1042 819 1115 udssot,
840 1052 926 1117 etque
945 1042 977 1101 in

192 1139 323 1199 maximis
343 1140 438 1199 causis
458 1159 533 1217 saepe
553 1140 680 1212 vidisset,
694 1150 755 1197 tum
767 1138 866 1197 deditii
878 1138 977 1213 operi,

192 1235 405 1311 quiescentibus
426 1236 498 1307 aliis,
514 1237 545 1295 in
558 1254 623 1295 eam
643 1236 796 1297 exhedram
809 1234 931 1306 venisse,
945 1234 977 1293 iu

148 1344 179 1395 tt
192 1332 249 1407 qui
268 1332 391 1391 Crassus
410 1332 517 1391 lectulo
536 1332 631 1409 posito
650 1331 839 1403 recubuisset,
853 1349 977 1406 cumque

192 1447 258 1488 eum
272 1429 302 1487 in
316 1429 492 1507 cogitatione
506 1429 629 1487 defixum
642 1446 706 1485 esse
721 1428 866 1500 sensisset,
880 1426 977 1485 statim

192 1526 354 1597 recessisse,
376 1535 460 1601 atque
481 1525 510 1583 in
531 1543 568 1583 eo
586 1524 704 1583 silentio
721 1524 792 1582 duas
811 1524 897 1581 horas
916 1522 977 1581 sere

192 1638 255 1681 esse
275 1614 447 1680 consumtis.
488 1621 614 1692 Deinde,
626 1640 694 1679 cum
713 1639 823 1691 omues,
837 1619 977 1680 inclinato

189 1716 249 1793 jam
268 1716 299 1774 in
318 1718 547 1794 pomeridianum
566 1727 678 1793 tempus
696 1717 754 1789 die,
775 1716 922 1776 venissent
939 1716 977 1776 sd

148 1826 179 1878 15
193 1813 341 1884 Crassum,
382 1814 466 1876 Quid
506 1826 559 1886 ert,
592 1815 705 1885 Crasse,
739 1814 833 1889 inquit
871 1813 976 1886 Julius,

193 1909 304 1968 imaeue
331 1911 459 1968 sessuml
492 1910 547 1968 etsi
580 1910 754 1969 admonitum
780 1910 911 1968 venimus
936 1920 976 1982 te,

192 2023 251 2064 uon
265 2005 430 2083 flagitatum.

231 2102 309 2161 Tum
330 2104 460 2174 Crassus,
481 2103 597 2164 An'me
615 2113 674 2160 tam
694 2102 889 2179 impudentem
911 2119 976 2160 esse

191 2199 368 2273 existimatis,
383 2209 413 2258 ut
426 2199 507 2259 vobis
520 2199 577 2257 hoc
589 2198 747 2276 presertim
760 2217 865 2259 munus
876 2209 976 2274 putem

144 2307 178 2360 w
191 2297 299 2356 diutius
320 2315 403 2374 posse
428 2298 555 2356 deberet
607 2296 739 2359 Quinam
766 2295 862 2372 igitur,
883 2295 976 2370 inquit

192 2392 249 2464 ille,
264 2392 365 2452 locust
387 2394 467 2452 auin
481 2393 577 2452 medii
592 2392 664 2451 silvi
676 2392 791 2469 plecetl
830 2390 884 2450 Est
896 2391 976 2449 enim

191 2487 216 2547 is
235 2490 357 2548 maxime
377 2497 406 2546 et
426 2507 543 2564 opacus,
562 2498 591 2546 et
611 2488 739 2566 frigidus.
780 2487 868 2559 Sene,
882 2487 976 2563 inquit

191 2581 328 2642 Crassus:
349 2583 455 2642 etenim
469 2584 555 2642 estin
569 2603 605 2642 eo
618 2584 685 2643 loco
697 2583 780 2642 sedes
794 2583 862 2645 huic
875 2595 975 2642 nostro

190 2699 249 2740 nou
263 2681 454 2758 inopportuna
467 2680 600 2741 sermoni.
640 2679 716 2738 Cum
729 2679 884 2757 placuisset
897 2679 973 2738 idem
1075 2718 1076 2723 κ

144 2793 177 2846 5
190 2775 304 2848 ceteris,
324 2777 355 2837 in
375 2775 474 2836 silvam
500 2776 622 2850 venitur,
649 2786 679 2834 et
704 2775 755 2849 ibi,
774 2775 880 2854 magni
905 2792 975 2836 cum
1075 2772 1076 2797 ¹

192 2871 325 2932 audiendi
339 2873 561 2947 exspectatione,
576 2871 743 2934 considitur.

229 2967 309 3027 Tum
328 2968 459 3040 Crassus,
473 2969 548 3028 Cum
569 2968 724 3028 auctorita
744 2977 828 3045 utque
846 2966 974 3030 emicui·

191 3073 293 3137 vestra,
307 3074 368 3123 tum
382 3065 502 3125 Antonii
516 3063 638 3123 facilitas
656 3064 771 3142 eripuit,
785 3063 886 3141 inquit,
899 3063 973 3127 uiui
