2167 3525
1 266 2 291 ³
106 292 135 338 n.
144 292 198 355 ιιι]
387 296 431 343 un
453 294 615 343 errrore.
896 286 936 345 03

105 458 201 520 posse,
214 460 273 501 uon
286 442 396 520 partitis
409 443 605 520 expressisque
624 441 783 517 sententiis,
796 462 890 523 neque

106 558 171 597 esse
191 538 277 598 ullum
298 539 468 599 senteutiam
487 540 625 600 illustrem
638 540 701 599 sine
713 541 779 600 luee
791 541 890 601 verbu

105 652 180 694 rum.
221 635 289 708 Sed,
306 635 471 713 priusquam
490 636 539 694 illu
558 654 648 695 eonor
668 636 816 715 attingere,
829 637 890 715 qui·

107 731 163 790 bus
189 732 345 791 orationem
371 732 466 791 ornari
493 742 576 810 etque
602 733 756 792 illuminari
781 748 889 811 putem,

105 844 263 904 proponam
289 827 422 902 breviter,
449 828 518 905 quid
546 828 668 888 sentium
693 828 731 889 de
756 829 919 894 universus

106 941 213 1001 genere
225 923 350 983 dicendi.

145 1115 212 1176 vll.
242 1116 356 1177 Nature
374 1118 454 1177 nullu
472 1128 525 1191 est,
546 1128 579 1177 ut
598 1119 669 1179 milri
687 1117 808 1192 ridetur,
826 1137 889 1197 que

104 1230 165 1272 non
179 1213 283 1272 habeut
296 1214 326 1272 iu
340 1232 392 1273 suo
405 1232 512 1293 genere
525 1234 572 1273 res
590 1215 750 1293 eomplures
767 1216 891 1275 dissimi-

106 1310 149 1369 les
168 1310 243 1369 iuter
262 1330 303 1383 se,
318 1330 380 1387 quie
393 1321 488 1369 temen
509 1311 653 1370 consimili
672 1312 757 1370 leude
771 1312 890 1390 dignen·

105 1418 161 1466 tur.
214 1404 291 1464 Num
312 1417 341 1465 et
360 1408 477 1466 nuribus
499 1408 589 1467 multe
613 1408 797 1485 pereipiruus,
816 1426 889 1484 que,
905 1424 936 1474 ιο

105 1501 162 1560 etsi
176 1521 228 1560 uos
244 1500 389 1583 [vocibus]
405 1503 559 1575 deleetant,
569 1514 666 1561 tumen
679 1503 720 1563 itu
732 1514 799 1562 suut
812 1504 890 1562 rnrin

106 1616 193 1673 sepe,
207 1606 238 1656 ut
258 1598 297 1670 id,
319 1599 393 1674 quod
412 1599 572 1675 proximum
594 1599 702 1672 audies,
719 1599 890 1677 jucundissi-

105 1712 186 1753 mum
206 1712 269 1752 esse
289 1694 434 1753 videatur:
455 1706 484 1753 et
503 1696 597 1755 oeulis
616 1697 790 1776 eolliguntur
808 1715 889 1776 pene

105 1792 329 1852 innumerabiles
349 1793 517 1869 voluptates,
538 1812 601 1869 quie
624 1812 678 1852 nos
699 1794 741 1853 ite
761 1795 888 1872 eupiunt,

105 1898 138 1948 ut
157 1907 246 1948 uuum
267 1908 381 1949 sensum
401 1889 533 1949 dissimili
553 1909 658 1968 genere
676 1891 835 1963 deleetent3
859 1897 934 1950 et15

104 1985 230 2062 reliquus
250 2005 350 2044 sensus
365 1987 523 2063 voluptates
542 1987 687 2046 oblectent
705 1987 842 2064 dispares,
856 1998 889 2047 ut

104 2081 143 2140 sit
162 2082 279 2141 diffieile
296 2081 437 2160 judicium
463 2083 631 2142 expellentis
652 2084 776 2142 maxims
797 2084 889 2142 sunri-

105 2178 181 2236 tntis.

145 2274 187 2331 At
212 2273 269 2332 hoc
294 2273 380 2345 idem,
407 2274 481 2349 quod
515 2284 560 2331 est
585 2273 616 2331 iu
641 2273 751 2332 unturis
782 2291 887 2347 rerum,

104 2370 251 2428 transferri
270 2379 363 2447 potest
381 2369 469 2428 etiem
488 2370 525 2427 nd
546 2379 627 2428 nrtes.
680 2369 745 2428 Une
763 2371 934 2449 lingendim

105 2475 150 2524 est
170 2485 225 2540 urs,
246 2466 277 2524 iu
297 2465 355 2541 qui
373 2475 540 2542 prestantes
559 2465 674 2524 luerunt
693 2465 787 2543 Myro,
807 2468 890 2546 Poly,

106 2561 207 2635 eletus,
227 2561 384 2639 Lysippus;
405 2561 454 2637 qui
473 2577 573 2620 omues
592 2563 666 2623 iuter
686 2581 717 2620 se
735 2562 888 2624 dissimiles

106 2658 236 2730 fuerunt3
263 2659 315 2717 sed
342 2659 382 2718 ite
407 2668 512 2730 temen,
533 2669 566 2718 ut
590 2659 735 2721 neminem
754 2661 800 2720 sui
819 2662 889 2720 velis

106 2773 168 2814 esse
181 2755 357 2814 dissimilem.
397 2755 462 2814 Une
480 2764 524 2814 est
545 2774 590 2814 nrs
609 2756 739 2833 ratioque
758 2757 888 2835 picture,

106 2851 345 2928 dissimillimique
368 2861 464 2909 tamen
489 2851 563 2910 iuter
585 2869 618 2910 se
638 2851 759 2925 Zeuxis,
783 2853 933 2932 Agleo-ns

105 2948 193 3031 plion,
213 2948 347 3024 Apellen:
367 2962 461 3023 neque
480 2964 580 3005 serum
599 2949 749 3024 quisqutm
768 2960 821 3021 est,
840 2950 888 3008 eni

106 3043 261 3121 quidquem
280 3043 312 3102 in
335 3053 394 3101 erte
420 3043 473 3102 sul
498 3043 598 3109 deeme
617 3043 754 3102 ridentur.
793 3045 843 3116 Et,
862 3045 889 3101 si

180 3202 188 3243 l
