2167 3525
142 345 181 405 tt
460 354 503 403 nn
526 354 688 401 onsronn
886 353 969 413 [au

187 504 317 562 oratione
338 503 413 561 aliud
434 504 570 579 excipias,
585 514 669 579 atque
689 502 737 560 ille
755 502 830 572 vult;
851 511 883 560 ut
897 501 970 558 Sali-

187 600 280 659 natori
306 600 459 671 Maximus,
482 619 558 671 cum,
578 599 708 657 Tarento
735 599 849 669 amisso,
873 616 968 655 arcem

184 708 282 754 tamen
302 696 401 753 Livius
420 696 593 767 retinuisset,
608 696 753 769 multaque
772 713 808 751 ex
820 694 856 750 ed
869 694 970 769 proelia

186 793 323 869 praeclara
343 792 467 863 fecisset,
482 811 548 849 cum
564 792 671 866 aliquot
683 800 748 866 post
766 808 857 848 annos
876 789 969 847 Maxi·

157 900 250 948 5mus
279 888 308 945 id
341 889 475 964 oppidum
508 888 673 963 recepisset,
700 896 869 964 rogaretque
902 904 968 943 eum

188 984 341 1055 Salinator,
355 995 388 1042 ut
401 984 586 1057 meminisset,
597 985 684 1061 operti
699 984 751 1041 sud
764 1003 795 1040 se
809 982 969 1040 Tarentum

187 1082 330 1156 recepisse
338 1102 345 1152 ;
361 1080 527 1153 “Quidni'’
541 1082 643 1156 inquit,
655 1088 674 1114 “
684 1079 883 1137 memineriml
897 1097 970 1136 nun·

187 1196 271 1253 quam
286 1178 361 1234 enim
375 1177 558 1253 recepissem,
572 1178 627 1235 nisi
642 1189 671 1234 tu
685 1176 886 1253 perdidisses.'’

227 1276 302 1333 Sunt
321 1276 406 1333 etiam
428 1276 476 1333 illa
491 1276 677 1347 subabsurda,
692 1275 742 1332 sed
755 1294 791 1331 eo
805 1275 866 1350 ipso
879 1273 970 1331 nomi·

143 1382 173 1431 10
187 1392 224 1430 ne
238 1392 312 1450 saepe
326 1372 457 1443 ridicula,
472 1391 531 1429 non
551 1372 643 1428 solum
664 1372 759 1429 mimis
777 1370 967 1448 perapposita,

188 1470 236 1528 sed
251 1470 337 1527 etiam
352 1468 562 1544 quodammodo
575 1468 674 1525 nobis:

435 1628 537 1641 .....
553 1591 660 1661 “Homo
671 1591 763 1651 fatuus,

218 1670 350 1733 Postquam
361 1687 413 1719 rem
424 1671 513 1720 habere
524 1672 608 1733 coepit,
618 1678 657 1719 est
667 1678 793 1718 mortuus:
802 1670 817 1690 ’'

433 1818 535 1832 .....
552 1783 747 1840 “Quidesttibi

142 1879 172 1927 15
217 1861 269 1912 Ista
279 1863 407 1911 mulier?”
439 1863 559 1912 “Uxor’'
592 1862 949 1924 “Similis,mediusfidiua:”

186 1975 215 2021 θῑ

232 2056 384 2115 “Quamdiu
395 2056 425 2104 ad
437 2071 512 2119 aquas
522 2055 580 2119 fuit,
590 2071 718 2118 nunquam
727 2061 767 2104 est
778 2057 916 2106 mortuus.¹'

224 2235 362 2294 LXVIII.
393 2236 493 2293 Genus
512 2235 681 2307 haelenae,
695 2245 734 2306 et,
747 2246 784 2313 ut
793 2236 862 2308 dixi,
876 2235 967 2292 mimi-

186 2353 268 2403 cum3
290 2333 340 2390 sed
354 2332 440 2391 habet
453 2351 657 2408 nonnunquam
673 2332 778 2408 aliquid
792 2333 877 2389 etiam
893 2332 966 2407 apud

138 2441 171 2490 20
185 2449 237 2488 nos
257 2428 325 2500 loci,
346 2439 378 2486 ut
397 2429 440 2485 vel
461 2447 519 2485 non
546 2429 657 2498 stultus,
677 2429 757 2502 quasi
784 2429 879 2499 stulte,
900 2447 965 2485 cum

185 2527 244 2584 sale
264 2525 341 2583 dicat
360 2524 482 2599 aliquid:
502 2533 534 2580 ut
548 2525 610 2593 tibi,
624 2523 743 2594 Antoni,
758 2523 885 2595 Mancia,
900 2543 966 2581 cum

186 2619 310 2680 audisset
330 2631 358 2676 te
380 2636 524 2676 censorem
546 2637 563 2676 a
582 2617 624 2675 M.
645 2618 775 2675 Duronio
798 2618 835 2674 de
858 2619 965 2676 ambitu

182 2718 366 2795 postulatum,
395 2715 617 2789 “Aliquando’'
649 2715 749 2790 inquit,
777 2715 858 2772 “tibi
885 2724 965 2773 tuum

183 2813 330 2890 negotium
356 2831 439 2890 agere
462 2811 589 2869 licebit.''
630 2811 722 2868 Valde
743 2811 805 2868 lraec
825 2811 964 2883 ridentur,

138 2925 170 2974 25
184 2920 222 2980 et,
237 2909 363 2979 hercule,
378 2907 561 2982 omniaque
576 2926 592 2964 a
604 2906 802 2982 prudentibus,
815 2907 895 2982 quasi
914 2925 965 2982 per

122 3042 126 3051 κ
185 3004 437 3063 dissimulationem
467 3001 553 3083 [non]
582 3002 769 3080 intelligendi,
790 3003 965 3061 subabsurde

183 3101 314 3178 salseque
340 3102 482 3160 dicuntur.
525 3099 571 3158 Ex
596 3119 652 3176 quo
677 3119 783 3178 genere
805 3111 849 3159 est
869 3101 964 3172 etiam,
