2167 3525
153 253 244 314 nur]
431 253 477 303 ms
498 253 661 303 ortuuons.
924 237 981 301 169

151 401 308 474 admonuit,
321 412 353 460 ut
372 401 483 460 brevior
501 421 604 474 essem,
619 400 677 478 qui,
692 400 752 476 ipse
762 399 820 477 jam
833 398 932 475 praeoi·

150 499 254 572 pitane,
266 517 312 556 me
324 517 435 574 quoque
447 496 510 557 baso
520 497 694 575 preripitem
707 514 789 574 paeue
802 495 932 553 evolvere

151 594 258 671 coegit.
299 594 357 652 Sed
375 605 472 654 tamen
490 593 575 671 bujus
594 593 708 672 generis
727 591 932 650 demonstratio

151 701 204 760 est,
214 699 244 746 et
253 688 385 747 donnino
394 689 465 766 ipsa,
476 689 618 767 vulgarisr
639 707 707 748 usus
721 698 816 746 sutem
827 687 931 765 gravis·

74 841 77 846 .
146 786 249 858 simus,
270 798 300 843 et
313 786 343 845 in
356 786 413 845 hoo
425 796 487 846 toto
499 786 616 845 dicendi
630 785 724 844 studio
738 783 929 862 difficillimus.
947 792 964 840 5

154 940 156 943 .
187 882 395 955 Quamobrem,
403 883 537 958 quoniam
549 882 585 941 de
594 892 696 943 ornatu
705 881 784 942 omni
796 879 931 962 orationis

149 989 216 1034 sunt
234 995 344 1051 omues,
358 977 384 1034 si
403 997 460 1036 non
479 978 625 1054 patefacti,
640 987 670 1036 at
688 988 766 1036 uerte
786 988 931 1036 sommon-

149 1073 229 1132 strati
246 1073 322 1145 loei3
342 1078 432 1147 nuno,
446 1074 514 1150 quid
535 1084 631 1151 aptum
651 1074 697 1146 sit,
718 1072 775 1132 hoo
786 1083 846 1146 ¹est,
861 1071 930 1150 qnid

148 1169 271 1228 maxime
281 1170 383 1229 deceat
393 1169 423 1228 in
433 1170 573 1243 oratione,
583 1170 746 1228 videamus:
768 1186 929 1249 quanquam

148 1264 178 1322 id
191 1266 306 1342 quidem
318 1267 501 1344 perspicuum
514 1277 568 1340 est,
583 1285 642 1325 uon
660 1266 738 1326 omni
757 1284 860 1339 oausae,
874 1281 930 1323 neo
945 1273 977 1322 10

148 1363 281 1436 auditori,
307 1382 401 1440 neque
425 1382 566 1441 persone,
586 1382 679 1440 neque
705 1361 834 1438 tempori,
861 1379 929 1420 oon·

148 1475 251 1536 gruere
276 1460 414 1518 orationis
433 1476 522 1525 unum
549 1478 649 1538 genus.
690 1459 766 1518 Nam
786 1469 815 1516 et
834 1477 928 1516 oausae

148 1555 252 1631 capitis
270 1555 358 1613 alium
376 1556 520 1635 quendam
544 1556 695 1614 verborum
715 1573 816 1614 sonum
836 1554 928 1630 roqui-

147 1661 223 1723 runt,
235 1651 322 1713 alium
331 1670 426 1711 rerum
439 1652 612 1730 privatarum
624 1662 708 1728 atque
718 1669 882 1730 parvarum:
897 1661 928 1710 et

147 1748 226 1827 aliud
236 1749 351 1809 dicendi
360 1769 452 1828 genus
461 1749 690 1823 deliberationes,
701 1746 777 1809 alind
790 1747 928 1807 laudatio·
942 1757 973 1807 15

146 1865 207 1918 nes,
217 1846 419 1924 aliudjudicia,
428 1846 749 1919 aliudsermonss‚aliud
759 1846 925 1918 consolatio,

146 1942 224 2000 aliud
244 1942 414 2021 objurgatio,
431 1943 509 2001 aliud
529 1942 693 2019 disputatio,
714 1942 789 2001 uliud
807 1942 926 2001 historia

145 2038 295 2096 desiderat
335 2038 439 2097 Refert
464 2040 561 2111 etiam,
583 2039 631 2115 qui
652 2039 779 2111 audiant,
799 2049 923 2109 senatus,

42 2150 46 2157 ’
146 2152 183 2191 an
202 2135 331 2209 populus,
346 2153 383 2191 an
399 2134 522 2210 judiees,
536 2132 708 2209 frequentes,
723 2153 758 2191 au
778 2132 873 2209 pauci,
889 2152 941 2191 an-

145 2228 268 2307 siuguli:
289 2240 327 2300 et,
342 2230 439 2305 quales
455 2230 508 2306 ipsi
523 2248 634 2305 quoque
648 2240 784 2301 oratores,
799 2229 855 2305 qual
868 2228 925 2286 sint
939 2226 971 2276 2⁰

145 2336 239 2398 atate,
259 2312 375 2398 honore,
390 2325 569 2397 auctoritate,
583 2326 668 2383 debet
687 2324 792 2383 videri:
813 2335 924 2403 tempus

144 2405 274 2498 proisan
292 2421 369 2495 belli,
383 2422 571 2482 festinationis
592 2441 627 2481 an
647 2422 706 2481 otii.
748 2421 847 2499 Itaque
867 2422 923 2483 hoo

144 2520 210 2577 looo
223 2518 295 2577 nihil
308 2537 377 2577 sane
390 2530 443 2591 est,
457 2517 533 2595 quod
552 2518 671 2596 praecipi
686 2536 770 2596 posse
783 2518 921 2593 videatur,

144 2617 200 2673 nisi
222 2627 253 2674 ut
269 2615 388 2694 liguram
408 2615 546 2675 orationis
564 2616 709 2693 plenioris,
723 2626 753 2675 et
772 2616 920 2689 tenuioris,

144 2724 173 2771 et
186 2713 255 2771 item
269 2712 345 2771 illius
358 2711 521 2787 mediocris,
536 2712 570 2771 ad
593 2712 632 2785 id,
647 2712 722 2789 quod
742 2712 861 2791 agimus,
876 2732 921 2771 ac-
935 2726 967 2777 25

144 2810 351 2869 commodatam
361 2809 527 2888 deligamus.
568 2808 750 2867 Ornamentis
764 2808 864 2868 iisdem
878 2810 920 2868 uti

144 2905 203 2961 sere
221 2905 329 2979 licebit,
351 2906 420 2965 alias
446 2905 619 2978 contentius,
641 2902 709 2963 alias
735 2905 918 2966 submissius:

143 3001 278 3076 omnique
296 3002 327 3060 in
347 3020 378 3059 re
397 3020 490 3079 posse,
507 3000 583 3078 qnod
603 3000 713 3067 deceat.
727 3000 831 3076 faeere,
852 3001 920 3060 artis

220 3114 285 3155 vor.
299 3116 331 3157 n.
452 3100 488 3157 15
