2167 3525
118 309 197 371 nur
399 308 441 355 ns
463 306 625 355 onnuonr.
907 293 948 356 58

117 462 168 519 sed
188 470 286 518 temen
309 458 398 517 multo
423 468 467 517 est
493 458 605 534 turpius
630 456 746 528 oratori,
766 452 901 515 nocuisse

118 557 208 615 videri
222 575 325 628 cause,
339 573 423 631 quarn
438 574 496 614 uon
510 554 660 629 profuisse«

158 748 298 810 LXXIII.
330 749 388 806 Sed
412 748 480 823 quid
505 747 561 805 hoc
584 748 651 805 loco
673 765 723 803 ros
746 745 900 816 intervos,

117 844 240 903 Catule?
261 864 297 903 un
317 846 390 917 hec,
404 856 435 903 ut
449 856 515 903 sunt
535 843 755 914 contemnenda,
776 851 900 901 contem·

113 942 203 999 citici
244 940 377 1012 Minime,
398 942 489 1019 inquit
509 942 574 999 iile:
601 940 652 997 sed
672 941 769 999 Cesar
788 939 826 998 de
845 938 930 997 istob

116 1037 178 1114 ipso
198 1038 332 1113 quiddam
354 1039 426 1096 veile
447 1039 545 1096 dicere
565 1037 721 1095 ridebatur.
762 1034 813 1093 Me
832 1052 900 1093 vero

115 1134 242 1207 lubente,
257 1135 349 1210 inquit
369 1134 659 1206 Antonius,.direrit,
673 1134 732 1191 sive
752 1131 900 1191 refellendi

115 1231 213 1303 cousi,
228 1231 287 1289 sire
301 1232 455 1306 querendi.

153 1327 233 1385 Tum
254 1326 358 1400 Iulius,
380 1328 454 1405 Ego,
473 1327 648 1398 mehercule,
662 1327 764 1402 inquit,
778 1326 900 1396 Antoni,

115 1442 228 1499 semper
247 1424 272 1481 is
293 1424 343 1495 fui,
357 1423 405 1500 qui
419 1425 456 1481 de
468 1434 497 1481 te
511 1434 624 1481 oratore
642 1423 685 1480 sic
703 1422 900 1498 predicarem,
916 1430 947 1480 lt)

116 1530 263 1577 unum·'te
286 1520 317 1577 in
343 1521 467 1578 dicendo
494 1520 566 1576 mihi
586 1518 675 1576 rideri
702 1518 900 1591 tectissimum,

114 1616 320 1691 propriumque
346 1616 402 1673 hoc
428 1634 491 1673 esse
507 1615 611 1683 ¹leudis
636 1625 703 1687 tue,
729 1614 801 1673 nihii
829 1634 846 1673 n
872 1624 900 1674 te

116 1730 243 1789 unquam
264 1726 326 1770 esse
345 1712 464 1785 dictum,
486 1712 560 1789 quod
584 1712 697 1771 obesset
717 1712 754 1785 ei,
774 1731 826 1789 pro
844 1732 900 1789 quo
953 1702 960 1709 ’

115 1809 237 1868 diceres.
278 1809 367 1885 quue
381 1810 519 1868 memorii
531 1820 626 1881 teneo,
640 1828 707 1868 cunr
721 1811 791 1867 mihi
804 1828 900 1869 sermo

115 1924 182 1966 cunr
204 1907 259 1964 hoc
280 1906 341 1982 ipso
360 1907 475 1979 Crasso,
496 1907 592 1964 multis
613 1907 803 1979 audientibus,
825 1918 900 1966 esset
915 1920 946 1970 15

116 2003 152 2059 de
169 2012 200 2060 te
220 2001 374 2074 institutus,
390 2003 567 2078 Crassusque
586 2003 716 2078 piurimis
729 1986 823 2062 verbis
842 2004 901 2062 elo·

116 2098 259 2172 quentinnr
275 2099 402 2157 laudaret
416 2109 504 2170 tuam,
518 2100 624 2156 dixisse
637 2117 693 2170 me,
708 2119 776 2156 cum
797 2099 901 2156 ceteris

115 2193 173 2249 tuis
192 2193 325 2250 laudibus
346 2193 420 2250 hunc
440 2212 503 2250 esse
516 2193 561 2250 vei
575 2193 737 2263 maximum,
751 2193 828 2268 quod
842 2211 900 2252 non

117 2288 218 2359 solum,
233 2286 309 2362 quod
324 2306 395 2364 opus
412 2298 497 2358 esset,
511 2288 634 2359 diceres,
647 2288 697 2345 sed
713 2289 809 2360 etiarn,
824 2289 901 2364 quod

116 2402 175 2441 non
195 2403 267 2460 opus
289 2394 373 2455 esset,
394 2401 453 2440 non
479 2384 608 2441 diceres:
635 2393 696 2442 turn
724 2384 803 2442 iilum
830 2384 946 2444 mihist

116 2481 289 2557 respondere
309 2479 444 2538 memini:
473 2490 570 2538 cetere
596 2480 625 2537 in
652 2490 681 2538 te
708 2501 817 2539 summe
837 2501 901 2540 esse

116 2575 274 2647 laudande3
306 2575 376 2634 illud
400 2595 468 2634 vero
491 2577 613 2652 improbi
636 2596 701 2636 esse
724 2577 849 2636 hominis
871 2589 901 2637 et

115 2673 271 2748 perfidiosi,
286 2672 382 2730 dicere
402 2673 476 2749 qnod
499 2674 624 2732 alienum
642 2689 726 2746 esset,
740 2684 770 2732 et
784 2684 902 2732 noceret

116 2769 153 2840 ei,
167 2787 219 2846 pro
233 2788 290 2847 quo
303 2770 422 2846 quisque
442 2771 568 2829 diceret:
589 2790 677 2847 quere
692 2790 752 2829 non
767 2771 820 2828 sibi
835 2789 902 2830 eum

116 2864 264 2938 disertum,
279 2867 327 2942 qui
348 2867 377 2924 id
398 2887 454 2926 non
474 2868 592 2940 feceret,
613 2868 713 2939 rideri,
727 2868 778 2925 sed
800 2868 947 2943 impiere

117 2962 195 3033 burn,
209 2963 258 3038 qni
273 2963 387 3022 iaceret.
428 2963 458 3020 N
461 2983 527 3036 unc,
542 2963 567 3021 si
580 2963 633 3021 tibi
647 2964 767 3036 videtur,
780 2963 901 3035 Antoni,

116 3055 296 3116 demonstres
322 3060 418 3133 velim,
445 3079 532 3136 quere
557 3070 590 3118 tn
615 3060 672 3117 boc
698 3060 739 3120 ito
766 3075 903 3136 magnum

353 3154 399 3214 ⁵*
