2167 3525
481 233 523 285 nn
544 224 709 284 carrona
897 224 994 292 [nnn

196 390 251 463 sic
271 388 376 449 fuimns
395 404 505 466 semper
525 387 693 466 comparati,
713 396 746 445 ut
764 384 913 444 hominnm
933 397 995 439 ser·

208 486 340 545 monibus
360 486 441 563 quasi
460 486 491 545 in
511 484 625 561 aliquod
644 482 837 543 contentionis
847 478 993 558 judicium

207 598 391 642 vocaremur:
418 582 486 661 quid
513 593 573 641 tam
598 580 746 657 dissimile,
765 596 851 656 quarn
876 593 935 655 ego
959 574 993 634 in

207 678 331 740 dicendo
350 691 380 738 et
398 679 564 738 Antoniusl
584 696 650 737 cum
671 676 719 735 ille
738 676 763 733 is
782 675 820 733 sit
838 683 945 744 orator,
959 681 992 729 ut
1070 699 1071 750 ᾗ

176 775 277 834 unihil
304 794 340 834 eo
365 776 454 853 possit
480 794 544 833 esse
568 772 764 851 praestantium
797 789 854 849 ego
883 778 991 840 autem,
1070 779 1071 868 q

206 889 366 949 quanquam
380 882 486 931 memet
499 871 556 929 mei
573 870 702 948 penitet,
716 888 784 927 cum
796 868 854 926 hoc
865 864 992 925 maxime

207 980 301 1026 tamen
315 966 345 1026 in
360 967 572 1045 comparatione
586 965 752 1043 conjungar.
986 1045 989 1050 Ι

245 1062 406 1137 Videtisne,
423 1082 515 1142 genus
532 1064 588 1123 hoc
602 1063 679 1140 quod
692 1063 730 1120 ait
742 1060 884 1120 Antonii?
905 1059 990 1133 forte,

206 1159 368 1232 vehemens,
393 1169 567 1218 commotum
592 1158 623 1216 in
646 1158 768 1236 agendo,
788 1156 991 1234 premunitum

162 1267 192 1316 10
206 1266 234 1315 et
254 1274 290 1315 ex
309 1256 388 1315 omni
407 1267 487 1333 parte
507 1274 601 1315 cause
620 1265 742 1332 septum,
763 1271 840 1326 acre,
861 1262 989 1325 acutum,

206 1349 397 1423 enucleatum,
416 1351 447 1408 in
473 1350 646 1425 uniquique
671 1367 703 1406 re
729 1365 919 1420 commorans,
939 1347 990 1404 lio·

206 1458 287 1507 reste
306 1448 422 1519 cedens,
444 1447 547 1505 acriter
568 1446 730 1521 insequens,
750 1456 870 1518 terrens,
883 1444 990 1521 suppli·

207 1564 286 1617 cans,
300 1544 411 1604 summi
424 1543 562 1603 orationis
575 1542 721 1615 varietate,
734 1540 814 1599 nulli
826 1550 989 1599 nostrarum

207 1642 317 1699 aurium
344 1642 481 1700 satietate.
535 1639 599 1698 Nos
626 1650 731 1711 autem,
758 1638 931 1714 quicumque
958 1637 989 1695 in

162 1744 191 1793 15
205 1737 329 1796 dicendo
349 1754 456 1810 sumus,
470 1736 605 1814 quoniam
625 1754 688 1794 esse
708 1734 804 1811 aliquo
822 1734 851 1792 in
869 1751 990 1793 numero

205 1833 285 1891 vobis
307 1833 445 1905 videmur,
470 1843 549 1892 certe
575 1843 671 1890 tamen
698 1833 734 1890 ab
757 1831 841 1908 hujus
867 1831 988 1890 multum

204 1947 310 2008 genere
329 1929 483 2000 dictamum
505 1929 581 2004 quod
602 1929 686 2005 quale
701 1928 748 2001 sit,
762 1947 821 1987 non
834 1938 877 1986 est
890 1946 988 1986 meum

204 2025 311 2096 dicere,
339 2034 491 2101 propterca
522 2024 597 2101 quod
629 2024 747 2082 minime
779 2023 835 2082 sibi
867 2023 988 2099 quisque

204 2132 289 2182 nctus
312 2132 365 2194 est,
385 2131 414 2180 et
438 2119 606 2180 difficillime
628 2121 665 2177 de
687 2139 719 2178 se
741 2121 860 2196 quisque
882 2120 985 2178 sentit:

160 2231 190 2280 20
205 2218 254 2277 sed
281 2229 376 2277 tamen
402 2217 606 2276 dissimilitudo
628 2216 749 2294 intelligi
771 2227 875 2293 potest,
899 2227 928 2274 et
951 2235 987 2274 ex
1070 2212 1071 2277 ἔ

205 2315 299 2374 moltis
318 2315 376 2373 mei
396 2315 605 2386 mediocritate,
619 2325 648 2372 et
667 2333 703 2373 ex
722 2332 768 2386 eo,
782 2313 868 2388 qnod,
881 2313 987 2389 quibus
1043 2311 1045 2313 ’
1070 2324 1071 2399 ,

206 2375 332 2487 vestigiis
351 2411 474 2488 primunr
494 2412 594 2482 institi,
609 2411 638 2468 in
652 2411 688 2469 iis
701 2411 760 2469 fere
780 2410 860 2468 solco
874 2429 987 2487 perora·
1070 2434 1071 2437 ¹

205 2521 246 2578 re,
260 2516 289 2564 ct
302 2507 377 2582 quod
402 2507 547 2582 aliquanto
565 2525 613 2564 me
631 2507 719 2585 major
738 2507 769 2564 in
788 2506 881 2564 verbis
899 2525 986 2582 quam

205 2605 235 2662 in
261 2603 409 2662 sententiis
435 2602 576 2681 eligendis
601 2603 681 2662 labor
707 2615 736 2661 et
762 2623 831 2662 cura
862 2614 984 2681 torquet,

159 2711 190 2760 25
204 2711 358 2772 verentem,
378 2717 425 2772 ne,
445 2700 469 2758 si
488 2699 576 2776 paulo
595 2699 749 2758 obsoletior
776 2700 860 2759 fuerit
881 2701 985 2772 oratio,

204 2816 263 2857 non
281 2797 370 2876 digna
389 2796 599 2874 exspectatione
613 2806 642 2853 et
655 2795 769 2854 silentio
788 2796 876 2856 fnisse
891 2796 987 2856 videa·

204 2903 258 2952 tur.
669 2939 679 2956 r

242 2987 375 3052 Quodsi
395 2989 424 3049 iu
444 2991 537 3064 nobis,
558 2989 607 3068 qui
628 2989 771 3064 adsumus,
791 2999 877 3048 tante
903 2989 985 3051 dissi·
1037 2969 1057 3000 ⁸

1069 3056 1072 3143 l
