2167 3525
127 328 220 389 nm]
407 329 449 377 nn
469 329 633 379 carrona
913 322 951 381 91

126 477 158 539 in
190 478 298 556 optimi
329 480 394 537 ruet
425 479 513 541 canat
545 480 705 540 libertatern
737 478 905 541 recusandi:

127 593 298 651 quanquam,
332 575 362 633 in
393 576 543 653 partiendi
576 576 765 653 disputatione
797 577 905 647 nostro,

127 688 194 728 cum
214 670 278 743 sibi,
295 671 331 730 de
350 671 385 729 iis
405 691 468 748 quae
488 672 548 731 dici
568 673 604 731 ab
623 683 736 733 oratore
754 681 904 749 oporteret,

128 776 261 839 sumeret,
276 767 345 825 mihi
366 778 460 827 autem
480 769 708 845 relinqueretur
723 769 904 845 explicarem,

127 863 365 938 quemadmodum
385 864 434 922 ilia
453 865 549 925 ornari
568 875 727 942 oporteret;
747 884 783 923 ca
799 865 936 939 divisim
962 929 964 940 ,

125 977 189 1035 quae
214 960 343 1036 sejuncta
372 979 435 1018 esse
461 980 519 1021 non
546 973 671 1038 possunt.
723 961 811 1035 Nam,
838 981 905 1021 curn

123 1054 216 1115 omnis
236 1075 322 1115 exre
343 1066 427 1133 atque
446 1058 539 1115 verbis
559 1068 671 1115 constet
682 1058 790 1129 orati03
811 1076 905 1135 neque

123 1152 210 1212 rerba
226 1153 324 1210 sedem
345 1152 449 1211 hebere
467 1164 596 1230 possunt,
609 1154 634 1211 si
648 1172 707 1211 rem
720 1154 904 1227 subtraxeris,

122 1266 216 1323 neque
229 1268 275 1307 res
288 1249 394 1321 lumen,
408 1249 433 1309 si
447 1249 532 1309 verbe
544 1250 706 1309 semoveris.

162 1344 209 1401 Ac
229 1344 300 1403 mihi
319 1346 433 1420 quidem
453 1356 564 1403 veteres
583 1346 635 1418 illi,
656 1346 747 1423 majus
769 1345 903 1424 quiddam
918 1356 949 1405 lo

123 1439 220 1499 animo
241 1440 496 1516 complexi,1nulto
515 1442 580 1517 plus
592 1442 678 1499 etiarn
691 1440 795 1499 vidisse
810 1441 905 1499 viden·

122 1546 180 1608 tur,
193 1554 277 1611 quem
299 1546 434 1611 quantum
454 1546 616 1595 nostrorum
631 1537 810 1615 ingeniorum
826 1536 902 1596 acies

123 1631 229 1691 intueri
247 1642 357 1709 potest3
385 1633 433 1710 qui
460 1633 558 1691 omnia
584 1633 656 1705 haec,
676 1653 738 1711 que
764 1652 850 1710 supra
874 1644 903 1692 et

121 1728 230 1801 subter,
251 1746 339 1790 unum
366 1748 438 1802 esse,
458 1738 487 1792 et
514 1729 571 1791 uni
591 1728 620 1788 vi
640 1740 724 1807 atque
750 1730 808 1788 uni
834 1748 900 1790 con·

120 1825 255 1884 sensione
275 1836 383 1884 naturae
402 1826 560 1885 constricta
572 1845 635 1886 esse
648 1827 787 1886 dixerunt.
827 1826 857 1884 N
859 1827 900 1886 ul·
917 1842 948 1892 ιε

120 1921 179 1980 lum
199 1931 242 1980 est
263 1923 339 1981 enim
358 1941 450 2002 genus
469 1942 574 1996 rerum,
595 1923 671 1999 quod
698 1933 746 1981 aut
772 1922 900 1982 avulsum

121 2035 138 2076 a
156 2017 260 2078 ceteris
279 2037 328 2094 per
348 2019 472 2096 seipsum
493 2029 635 2091 constare,
656 2029 714 2091 aut,
727 2007 784 2094 quo
804 2031 900 2079 cetera

119 2113 144 2172 si
171 2123 297 2186 careant,
319 2115 376 2172 vim
401 2133 483 2174 suam
510 2125 595 2190 utque
621 2115 806 2175 eternitatem
833 2133 900 2172 con·

118 2226 231 2266 servare
244 2210 361 2286 possint.

157 2399 209 2460 VI.
241 2399 299 2458 Sed
326 2399 350 2458 si
377 2399 440 2458 bec
466 2400 556 2476 major
586 2417 649 2458 csse
678 2399 752 2458 ratio
776 2399 896 2474 videtur,
913 2409 946 2462 ὓ)

117 2515 203 2576 quem
223 2505 255 2555 ut
275 2495 423 2554 hominum
441 2496 529 2572 possit
548 2515 633 2554 sensu
654 2505 703 2554 aut
724 2497 897 2574 cogitatione

119 2592 338 2670 comprehendi;
371 2602 414 2652 est
437 2591 522 2650 etiam
548 2591 597 2650 itta
619 2592 745 2651 Platonis
768 2612 844 2665 vera,
868 2603 898 2652 ot

118 2689 180 2761 tibi,
208 2689 320 2764 Catulo,
348 2699 425 2748 certe
451 2706 509 2747 non
537 2688 665 2746 inaudita
690 2707 754 2761 vox,
780 2707 896 2748 omnem

117 2785 276 2852 doctrinam
309 2785 409 2844 harum
439 2785 627 2863 ingenuarum
653 2791 682 2842 et
708 2785 896 2843 humanarum

118 2883 220 2948 ortium
234 2900 292 2942 uno
311 2883 433 2958 quodem
453 2881 599 2950 societatis
612 2879 727 2938 vinculo
744 2881 895 2940 contineri.
910 2889 942 2939 5

117 2975 175 3036 Ubi
200 2967 280 3037 enim'
302 2988 450 3056 perspecta
472 2978 515 3038 vis
537 2987 581 3036 est
604 2977 723 3035 rationis
744 2977 815 3054 ejus,
838 2978 896 3053 qui

117 3090 212 3134 cause
231 3091 325 3138 rorum
345 3083 429 3153 atquo
448 3073 540 3132 exitus
562 3081 787 3152 cognoscuntur,
806 3072 895 3130 mirus
