2167 3525
481 286 525 333 ns
547 285 708 332 onaroan
907 280 989 342 [nu
1072 334 1073 343 χ

207 433 274 508 peii,
296 434 447 510 locupletis
473 433 606 506 hominis,
629 435 706 492 bona
731 433 793 501 sine
820 438 991 491 momento

207 530 384 605 possederat;
418 530 586 605 sederetque
617 530 771 587 advocatus
797 546 848 586 reo
874 525 989 597 neme,

208 644 274 683 oum
302 626 387 684 lirnus
415 626 556 703 quoddam
587 627 749 697 duceretur,
777 632 928 683 accusator
953 621 988 679 C.

208 720 372 795 Memmius,
394 723 527 796 “Vide,''
554 723 657 798 inquit,
685 723 833 793 “Scaure,
854 729 990 804 'mortuus

177 824 193 873 5
208 818 324 895 rapitur,
339 819 364 877 si
377 829 458 896 potes
471 838 534 877 esse
546 820 719 895 possessor.''

247 914 305 972 Sed
319 934 355 972 ex
368 915 412 972 his
425 915 559 972 omnibus
572 914 644 972 nihil
664 914 755 991 magis
771 913 890 993 ridetur,
904 932 989 989 quem

208 1011 283 1085 qnod
297 1021 340 1069 est
359 1020 460 1087 praeter
480 1011 739 1087 exspectationem
759 1010 842 1087 cujus
861 1010 991 1069 innume·

208 1107 309 1166 rabilia
329 1118 395 1168 sunt
415 1108 554 1185 exempla,
575 1108 619 1165 vel
646 1107 734 1184 Appii
760 1106 876 1183 majoris
902 1107 989 1180 illius,

208 1203 256 1279 qui
270 1202 300 1260 in
314 1214 424 1277 senatu,
440 1223 505 1261 cum
525 1213 655 1281 ageretur
669 1204 705 1260 de
719 1203 795 1280 agris
813 1203 947 1279 publicis,
961 1214 990 1261 et

79 1342 81 1349 .
163 1309 193 1357 10
209 1300 245 1365 de
265 1300 328 1379 lege
349 1299 469 1373 Thoria,
491 1311 519 1359 et
540 1311 716 1377 premeretur
742 1299 872 1357 Lucilius
895 1300 930 1357 ab
954 1299 990 1357 iis

209 1397 258 1471 qui
279 1414 295 1455 s
313 1415 416 1473 pecore
436 1397 497 1473 ejus
517 1397 633 1473 depasci
658 1415 740 1473 agros
763 1394 895 1471 publicos
913 1394 990 1453 dice·

209 1504 282 1567 rent,
302 1493 399 1551 “Non
419 1496 490 1567 est,''
512 1493 613 1569 inquit,
634 1492 767 1551 “Lucilii
790 1510 879 1569 pecus
901 1490 988 1549 illud:

208 1590 348 1650 erratis:’'
371 1590 537 1668 (defendere
561 1589 705 1655 Lucilium
725 1588 885 1667 videbatur)
906 1594 989 1665 “ego

209 1685 329 1744 liberum
343 1698 413 1763 puto
427 1704 505 1743 esse:
527 1685 584 1762 qud
597 1686 685 1757 lubet,
699 1684 852 1760 pasoitur.''

164 1791 193 1837 15
247 1782 345 1840 Placet
365 1783 451 1840 etiarn
471 1783 541 1840 mihi
565 1782 635 1839 illud
663 1782 808 1858 Scipionis
835 1781 919 1852 illius,
940 1782 989 1858 qui

209 1878 255 1936 Ti.
283 1878 447 1935 Gracchum
473 1877 610 1954 perculit:
644 1896 711 1935 cum
736 1876 764 1933 ei
790 1875 831 1934 M.
854 1875 988 1950 Flaccus,

208 1974 304 2032 multis
335 1974 448 2050 probris
481 1973 610 2049 objectis,
639 1973 670 2031 P.
699 1972 830 2031 Mucium
860 1973 989 2050 judicem

209 2071 328 2144 tulisset,
344 2070 487 2148 “Ejero,”
509 2070 617 2144 inquit:
650 2069 793 2144 “iniquus
813 2071 899 2127 est:''
921 2088 988 2128 cum

209 2178 283 2226 esset
297 2167 548 2239 admurmuratum,
564 2173 582 2198 “
592 2166 641 2222 Ah
650 2167 679 2223 !”
695 2166 795 2243 inquit,
811 2173 828 2201 ‘⁶
839 2166 870 2224 P.
882 2167 917 2224 C.
931 2185 988 2224 non

163 2272 195 2322 20
209 2283 264 2342 ego
278 2265 348 2322 mihi
361 2264 442 2347 illum
462 2264 593 2338 iniquum
612 2263 699 2341 ejero,
714 2282 811 2321 rerum
826 2263 985 2322 omnihus.”

248 2361 297 2418 Ab
323 2361 379 2419 hoc
410 2379 477 2418 vero
509 2360 615 2418 Crasso
647 2359 718 2416 nihil
751 2359 888 2419 facetius:
922 2377 988 2416 cum

200 2453 328 2518 laesisset
354 2457 434 2514 testis
461 2456 538 2513 Silus
561 2456 705 2527 Pisonem,
725 2455 801 2530 qnod
821 2474 852 2512 se
873 2455 903 2512 in
922 2473 989 2512 eum

211 2553 322 2612 audisse
343 2553 474 2622 dixisset3
504 2551 629 2608 “Potest
655 2551 744 2622 lieri,”
766 2551 867 2625 inquit,
889 2558 907 2583 “
917 2550 988 2624 Sile,

210 2661 241 2710 ut
267 2651 301 2722 is,
329 2649 405 2706 unde
431 2658 459 2706 te
486 2647 598 2704 audisse
631 2647 714 2719 dicis,
742 2646 829 2704 iratus
857 2647 986 2705 dixerit.''

163 2763 195 2812 25
210 2747 322 2806 Annuit
342 2746 427 2804 Silus.
469 2744 594 2802 “Potest
613 2743 710 2814 etiam,
730 2754 761 2800 ut
781 2754 811 2800 tu
831 2762 890 2800 non
909 2758 989 2801 recte

210 2841 409 2901 intellexeris.''
451 2839 485 2897 Id
506 2857 619 2919 quoque
639 2847 699 2895 toto
720 2839 813 2914 capite
834 2839 943 2911 annuit,
957 2853 989 2897 ut

210 2957 240 2998 se
261 2939 365 2998 Crasso
385 2938 473 2998 daret
514 2935 640 2993 “Potest
663 2935 749 2992 etiam
775 2935 865 3007 lieri,''
887 2935 988 3012 inquit,

211 3045 270 3094 “ut
297 3035 423 3106 omnino,
444 3032 518 3108 quod
546 3045 575 3089 te
602 3031 715 3090 audisse
739 3031 823 3104 dicis,
843 3051 987 3108 nunquam
