2167 3525
123 282 215 342 urus
402 283 445 329 nrr
465 283 626 330 oeeroeu
845 290 848 295 ·
890 254 944 328 16'3
979 317 982 324 r
1082 247 1083 282 ³

123 427 154 488 iu
168 430 247 490 omni
260 449 374 506 genere,
389 441 449 489 tum
463 431 493 488 in
507 431 561 494 hoe
575 432 646 506 ipso,
657 449 759 507 magna
772 429 900 504 quedam

123 537 168 584 est
194 527 237 583 vis
262 526 493 601 incredibilisque
520 535 636 584 nature.
690 526 798 583 Omnes
824 525 900 582 enim

124 622 214 680 tacito
233 623 355 697 quodem
374 641 470 694 seusu,
484 622 546 679 sine
568 623 625 679 ullis
646 632 704 679 erte
721 607 899 692 uitiatione,

124 718 301 792 queuntis
315 719 421 776 artibus
435 737 469 775 se
482 719 640 776 rationibus
659 728 738 776 reete
756 723 899 793 espiers,

124 813 299 889 dijudicent:
320 813 405 888 idque
425 833 491 871 eum
512 814 621 872 seciunt
641 814 670 872 in
688 814 815 890 picturis,
829 824 858 872 et
871 813 929 872 in5

124 910 224 987 siguis,
238 920 267 966 et
281 910 310 966 in
325 911 387 970 aliis
399 911 540 985 operibus,
556 910 591 968 ad
607 929 725 985 quorum
744 910 901 986 intelligen-

124 1005 193 1063 tiam
213 1025 231 1063 a
250 1007 352 1063 nature
371 1006 466 1063 minus
489 1007 594 1064 hebent
620 1007 813 1076 instrumenti3
841 1017 901 1064 tum

124 1103 215 1159 multo
227 1103 382 1160 ostendunt
395 1102 486 1178 magis
499 1101 528 1158 in
539 1103 699 1175 verborum,
710 1121 900 1173 numerorum,

124 1214 284 1274 uocumque
294 1198 421 1274 judiei03
444 1198 519 1272 quod
533 1217 568 1255 ee
581 1193 646 1258 suni
659 1197 688 1255 in
704 1198 901 1255 communibus

125 1293 213 1352 infixe
231 1295 371 1366 sensibus,
388 1299 482 1369 neque
501 1313 598 1352 earum
620 1311 713 1352 rerum
733 1310 901 1370 quemquam
916 1307 946 1356 10

125 1389 258 1457 [unditus
278 1401 380 1448 natura
406 1390 494 1448 voluit
518 1409 582 1448 esse
608 1400 762 1465 expertem:
802 1388 900 1466 Itaque

125 1504 184 1548 uon
203 1486 295 1548 solum
314 1487 408 1544 verbis
429 1497 488 1544 arte
507 1476 773 1562 positis'moveniur
793 1503 900 1557 omnes,

125 1583 323 1642 verumetiam
337 1584 464 1654 numeris
478 1603 512 1641 ee
526 1582 651 1640 sonibus.
691 1581 807 1644 Quotus
826 1581 902 1638 enirn

126 1678 250 1754 quisque·
272 1689 324 1752 est,
347 1679 395 1754 qui
420 1689 516 1736 teneat
542 1689 630 1737 artem
659 1695 840 1735 numerorum
868 1695 902 1734 ee

125 1775 296 1834 modorum?
334 1776 375 1833 At
388 1776 418 1833 iu
432 1776 476 1834 his
488 1776 513 1833 si
526 1776 640 1852 paulum
660 1774 744 1833 modo
763 1774 900 1833 offensum
917 1786 948 1835 15

125 1881 179 1943 est,
201 1881 232 1929 ut
252 1882 300 1931 aut
319 1872 515 1930 connectione
535 1872 648 1937 brevius
667 1872 755 1941 fieret,
778 1880 824 1927 aut
841 1888 902 1946 pro·

126 1967 262 2027 ductione
274 1969 397 2045 lougius,
408 1969 517 2027 theatra
528 1978 586 2027 tute
599 1968 761 2025 reclamant.
801 1966 901 2029 Quidr

126 2062 182 2121 hoe
200 2083 259 2121 uon
279 2063 354 2122 id'em
372 2065 404 2123 fit
421 2066 451 2122 in
464 2065 592 2139 vecibus,
606 2073 638 2120 ut
652 2083 668 2120 a
680 2062 861 2121 multitudine
874 2072 903 2117 et

126 2159 242 2234 populo,
255 2178 313 2222 nou
335 2161 420 2217 modu
439 2170 558 2219 eatervae
578 2169 661 2233 etque
675 2167 839 2227 conventus,
854 2156 903 2212 sed

127 2254 214 2313 etiam
228 2254 282 2329 ipsi
295 2255 357 2317 sibi,
363 2255 468 2331 singuli
482 2254 684 2328 diserepantes,
698 2252 867 2327 ejiciantur?
918 2264 949 2313 20

166 2444 215 2505 LI.
246 2446 379 2504 Mirabile
399 2455 452 2516 est,
469 2464 534 2501 curn
554 2444 705 2520 plurimum
725 2444 754 2501 in
775 2444 905 2503 faciendo

128 2543 240 2605 intersit
259 2543 332 2603 inter
352 2542 467 2601 doctum
487 2551 517 2598 et
535 2541 644 2611 rudem,
659 2560 742 2616 quam
762 2540 819 2597 neri
836 2541 905 2599 mul-

128 2650 188 2697 tum
215 2639 326 2697 differat
352 2638 382 2696 in
405 2638 569 2714 judicando.
611 2637 667 2695 Ars
693 2637 778 2709 enim,
803 2653 867 2695 eum
890 2656 906 2694 s

129 2735 231 2794 neturb
257 2735 385 2811 prosecta
411 2734 457 2806 sit,
484 2734 539 2792 nisi
575 2732 701 2813 [uetere]
736 2742 847 2790 moveat
874 2752 906 2791 eo

131 2831 263 2901 delectet,
284 2830 355 2889 nihil
374 2849 444 2888 seue
463 2829 555 2907 egisse
576 2828 710 2889 rideatur.
764 2827 844 2885 Nihil
865 2836 951 2885 est25

132 2939 227 2994 autern
254 2938 311 2986 tem
339 2938 492 3003 cognatum
518 2926 661 2985 mentibus
687 2926 797 2997 nostris,
823 2944 908 3002 quem

131 3024 244 3083 numeri
270 3034 352 3100 esque
375 3042 476 3095 voees3
509 3023 613 3099 quibus
637 3032 665 3081 et
690 3022 855 3095 excitemur,
879 3032 907 3079 et
