2167 3525
115 314 197 377 nn]
395 314 623 369 remaneam
899 306 940 375 tt

114 462 268 523 parborum
302 462 478 540 turpitudine
511 470 547 523 'et-
576 480 672 524 reruni
706 462 895 530 obscenitate

114 558 240 621 viseum.

155 752 218 813 LX.
249 752 328 831 Ergo
351 754 413 813 haee
438 752 496 811 duo
515 772 622 832 genera
647 753 800 831 stratejus
827 752 896 813 ridi·

14 852 17 855 ’
114 849 184 922 otili,
204 850 280 926 quod
294 850 323 907 in
337 868 369 909 re
388 851 511 927 positum
532 861 591 910 eat:
611 870 675 927 que
695 860 762 911 auat
779 849 895 927 propria
920 873 923 879 ·

112 954 312 1024 perpetuarum
332 946 554 1018 saoetiarum,'in
572 947 675 1022 quibus
694 946 924 1005 deseribuutnr5

113 1040 262 1100 hominum
286 1060 388 1115 mores,
409 1052 438 1100 et
464 1043 505 1101 ita
531 1043 712 1121 effinguntur,
731 1053 764 1102 ut
783 1053 842 1115 aut,
862 1060 895 1103 ra

112 1138 226 1197 uanam
254 1138 357 1214 aliqui,
384 1138 482 1213 quales
508 1138 575 1211 sint,
596 1138 791 1215 intelligantur
798 1158 806 1209 ;
834 1147 893 1209 aut,

8 1222 14 1243 '
113 1232 272 1293 imitatione
300 1234 379 1292 brevi
404 1234 520 1311 injecti,
546 1235 576 1293 in
604 1234 698 1311 aliquo
724 1234 831 1313 insigni
857 1233 907 1326 adp

112 1329 288 1389 irridendum
310 1330 381 1389 vitio
402 1332 587 1407 reperiantur.
639 1331 676 1389 In
698 1330 776 1389 dieto
799 1339 894 1389 autem

111 1425 265 1485 ridiculum
285 1437 328 1485 est
347 1427 386 1499 id,
400 1427 476 1503 quod
492 1427 571 1484 verbi
591 1436 640 1485 aut
659 1426 807 1485 sententie
827 1444 896 1501 quoe
908 1433 939 1484 1⁰

111 1521 178 1581 dam
194 1522 326 1581 aeumine
343 1533 480 1581 movetur.
521 1523 590 1593 seu,
603 1531 636 1580 nt
651 1522 682 1578 in
700 1521 750 1581 illo
767 1521 894 1597 superio-

110 1636 143 1677 re
157 1636 263 1695 genere
277 1617 319 1674 vel
334 1617 510 1675 {narrationis
523 1618 567 1675 vel
588 1616 764 1689 imitationis,
777 1617 893 1677 vitanda

109 1722 156 1776 eat
182 1713 333 1773 mimorum
359 1713 557 1792 ethologorum
581 1712 754 1785 similitud03
780 1713 834 1787 aia,
860 1714 892 1774 in

110 1810 177 1884 hoo,
198 1810 325 1868 scurrilis
344 1811 450 1868 oratori
470 1811 608 1869 dicacitas
626 1829 799 1888 magnopere
819 1811 892 1890 fugi·
932 1843 935 1847 ·

110 1907 186 1966 enda
204 1916 256 1966 est.
294 1906 358 1969 Qrfr
378 1907 464 1984 igitur
484 1907 691 1985 distinguemus
710 1907 937 1980 notassent

110 2001 225 2076 Catulo,
240 2023 257 2061 a
270 2002 382 2076 peteris,
403 2003 571 2063 familiarem
590 2014 724 2076 vestrum,
738 2004 889 2077 Granium,
986 2036 992 2051 ·

111 2109 159 2159 aut
178 2100 342 2177 Vargulam,
364 2100 486 2159 amioum
513 2101 629 2159 meumi
680 2099 760 2170 Non,
780 2101 892 2163 meher-

110 2193 229 2267 auli,.in
243 2207 368 2254 mentem
387 2196 458 2254 mihi
478 2196 593 2271 quidem
613 2194 707 2253 venit:
727 2204 793 2252 aunt
812 2194 891 2278 enim

110 2289 241 2364 diensem
268 2291 377 2350 Granio
396 2291 512 2369 quidem
531 2309 616 2350 nemo
635 2290 770 2350 dioaeior.
810 2291 889 2365 Hoo,

110 2388 220 2466 opinor,
253 2389 385 2466 primum,
417 2407 464 2460 ne,
497 2387 732 2464 quotiescumque
762 2388 888 2464 potuerit
903 2401 936 2454 m

110 2484 218 2544 dietum
232 2484 300 2558 diei,
314 2503 433 2543 neeesse
447 2484 602 2543 habeamus
619 2485 724 2544 dioere.
764 2484 890 2547 Pusillus

109 2580 190 2640 testis
215 2581 362 2658 prooessit„
411 2581 552 2654 “Lieet,”
579 2581 680 2658 inquit,
713 2583 886 2658 ‘frogerel”

109 2675 266 2754 Philippus.
318 2677 397 2737 Tum
422 2678 555 2754 quaesitor
578 2696 744 2754 properans,
770 2676 890 2739 “Modo

8 2761 10 2782 ⁵
108 2773 258 2833 breviter.”
299 2773 359 2832 Hie
378 2775 436 2847 ille,
451 2773 548 2834 “Non
568 2774 732 2837 recusabis:
751 2772 889 2850 perpuml·

109 2869 170 2930 lum
195 2871 329 2949 rogabo.”
380 2870 525 2930 Ridicule.
576 2871 634 2929 Sed
661 2872 779 2930 sedebat
800 2870 888 2948 judex
901 2883 934 2935 m

109 2965 145 3027 L.
173 2967 302 3042 Aurifex,
328 2967 445 3029 brevior
468 2967 564 3040 etiam,
591 2985 677 3043 quam
702 2967 783 3034 testis
808 2967 885 3044 ipse:

110 3062 207 3126 omnis
224 3074 269 3124 art
293 3064 367 3126 risus
390 3065 421 3125 in
444 3063 572 3143 judieem
598 3055 768 3127 eonverma:
793 3064 887 3128 risum
