2167 3525
113 302 203 363 asu]
394 302 437 351 aa
457 302 618 349 omrem.

480 449 765 513 “qmriabonusipue
798 422 806 468 ι’

180 527 825 593 Samniriuludo‚aerudibuaeuiviuatimper:¹'

111 646 163 705 sed
175 646 240 723 plus
252 663 344 723 operte
357 645 419 703 soro
439 645 591 715 tribuebat,
606 643 771 718 amieis,lrei
788 642 888 702 famili-

112 741 162 802 ari.
216 740 346 799 Valerius
379 739 505 815 quotidie
538 739 686 797 cantabat:
720 750 781 819 erat
812 738 889 795 euim

111 837 260 898 aeenieus:
286 836 355 912 quid
382 836 489 894 laceret
516 835 612 894 aliudl
664 836 706 893 At
731 832 917 892 Numerius⁵

111 933 341 1006 Furius,·uoster
368 932 523 1005 familiaris,
544 951 611 989 eum
633 943 677 989 ast
696 929 887 1003 commodum,

111 1039 222 1089 eautat:
244 1039 286 1087 est
306 1029 382 1087 euim
402 1028 613 1104 paterfamilias,
627 1038 671 1085 est
683 1046 769 1104 eques
781 1027 888 1087 Roma-

110 1144 180 1185 nus:
200 1144 275 1202 puer.
284 1125 394 1197 didicit,
409 1124 483 1200 quod
497 1124 665 1183 disoenduur
678 1124 738 1206 fuit.
778 1124 888 1182 Eadem

111 1222 183 1281 ratio
203 1232 246 1280 est
265 1222 365 1279 harum
393 1221 493 1281 artium
520 1221 714 1279 maximarum.
768 1220 839 1279 Dies
859 1229 888 1278 et

111 1327 210 1395 nautes
228 1318 319 1375 virum
343 1318 454 1375 summi
473 1317 576 1375 virtute
595 1327 624 1375 et
643 1317 793 1393 prudentid
812 1313 933 1374 vide-1⁰

111 1415 221 1486 bamus,
234 1413 402 1490 philosopho
422 1432 488 1471 eum
507 1432 622 1489 operam
636 1413 724 1485 daret,
737 1412 777 1474 Q
791 1412 888 1471 Tube-
921 1438 925 1443 ·

111 1528 219 1571 runem.
239 1564 241 1569 .
259 1511 300 1568 At
320 1510 381 1587 ejus
401 1510 571 1569 avunculum
594 1509 641 1567 vix
667 1508 839 1586 intelligeres
857 1509 888 1567 id

112 1625 206 1684 agere,
221 1610 223 1613 ’
239 1624 305 1663 oum
339 1616 434 1683 ageret
466 1616 571 1677 tamen,
600 1605 775 1663 Africanum.
829 1605 888 1664 Ista

112 1703 260 1762 diseuntur
286 1702 379 1774 facile,
400 1702 424 1760 si
443 1712 472 1759 et
491 1712 601 1759 tantum
627 1720 730 1775 aumas,
750 1714 887 1779 quantum
978 1763 981 1770 ,

112 1817 184 1875 opus
198 1799 243 1872 sit,
258 1809 286 1856 et
299 1799 412 1870 habeas,
427 1798 475 1873 qui
488 1799 594 1856 dooere
613 1799 732 1857 fideliter
745 1800 843 1875 possit,
858 1809 887 1857 et
902 1802 932 1850 15

112 1895 186 1954 selas
206 1895 291 1952 etiam
311 1895 370 1971 ipse
390 1895 508 1953 discere.
549 1896 617 1967 Sed,
631 1896 655 1953 si
669 1896 730 1954 toti
743 1896 800 1952 vitd
814 1896 884 1953 nihil

112 1991 181 2048 velis
201 1991 276 2050 aliud
297 2009 390 2068 agere,
404 1991 466 2068 ipsa
484 1991 616 2050 tractatio
635 2002 664 2049 et
683 1992 801 2067 quaestio
819 2011 887 2067 quo·

112 2087 181 2148 tidie
201 2106 238 2144 au
255 2106 286 2145 ee
305 2087 403 2164 gignat
423 2087 538 2162 aliquid,
560 2087 635 2162 quod
655 2106 720 2145 oum
743 2087 886 2146 desidiosi

112 2183 300 2241 delectatione
319 2183 448 2260 vestiges.
498 2181 543 2240 Ita
561 2183 602 2255 lit,
621 2190 654 2240 ut
673 2183 826 2258 agitatione
845 2200 887 2238 re-

112 2295 176 2335 rum
196 2277 234 2334 sit
252 2275 362 2334 infinita
381 2276 524 2352 cogniti03
546 2275 716 2344 faeilisusus
729 2277 887 2337 doctrinam
900 2285 932 2335 2⁰

113 2371 271 2442 confirmet,
295 2370 447 2427 mediooris
472 2387 559 2446 opera
584 2369 731 2441 tribuatur,
752 2372 887 2430 memoria

113 2467 293 2542 studiumque
318 2475 489 2542 permaneat.
542 2464 626 2523 Libet
652 2475 745 2524 autem
777 2486 886 2545 semper

114 2563 223 2622 disoere
231 2584 238 2634 ;
259 2571 300 2635 ut,
314 2563 339 2620 si
353 2562 435 2620 velim
449 2580 504 2639 ego
517 2562 582 2620 talis
593 2563 700 2639 optime
717 2562 824 2636 ludere,
839 2575 887 2624 aut

113 2658 177 2736 pilae
191 2659 285 2717 studio
298 2669 404 2730 tenear,
418 2659 513 2731 etiam,
528 2658 655 2731 sortasse,
666 2659 691 2716 si
705 2660 815 2735 assequi
828 2679 886 2717 nou

113 2756 226 2832 possim.
277 2756 318 2813 At
338 2754 395 2827 alii,
416 2755 483 2830 quia
507 2755 642 2834 preclare
668 2755 785 2828 laeiunt,
805 2758 887 2814 rehe·
899 2767 931 2817 ὕ

113 2851 246 2924 mentius,
273 2870 357 2926 quam
383 2869 469 2910 eausa
494 2850 625 2927 postulat,
649 2852 834 2923 delectantur,
854 2864 886 2910 ut

114 2945 212 3004 Titius
230 2931 298 3023 pilai,
313 2947 410 3006 Brulla
428 2948 500 3005 talis.
540 2946 641 3008 Quare
661 2948 731 3006 nilril
745 2958 797 3020 est,
810 2951 885 3024 quod

116 3041 264 3118 quisquam
296 3042 518 3120 magnitudinem
553 3041 653 3100 artium
679 3061 715 3100 er
740 3062 786 3115 eo,
811 3045 886 3120 quod
