2167 3525
132 260 173 335 'n
452 280 495 329 nn
517 280 680 329 onrnone
879 274 962 341 [nn

177 440 318 508 prostrate
329 416 428 489 virtus
438 431 562 489 maxime
581 430 715 489 luctuosa
732 440 794 502 θοις
813 439 852 503 st,
865 419 898 488 rit
912 428 963 489 nn

174 526 271 585 nitere·
280 546 344 603 pers
364 527 511 599 orationis,
526 546 600 603 quae,
613 526 763 604 probitatis
779 522 963 587 mnenon-

175 623 266 695 tione‚
288 622 355 682 boni
375 622 428 681 viri
456 624 540 681 debet
566 624 693 699 speeiem
718 624 803 695 tueri,
824 624 904 682 lenis
917 622 963 700 (nt

177 737 252 795 sepe
270 720 328 797 jem
349 720 421 800 dixi)
445 732 529 796 etque
552 721 709 791 submisso3
736 720 781 777 sio
805 720 879 791 heo,
899 732 964 795 qne

146 816 332 892 osuseipitur
352 817 388 875 ab
407 827 520 876 oratore
542 818 577 875 nd
597 817 815 875 commutandos
841 816 963 888 snirnos,

177 922 262 988 etque
282 914 360 971 omni
381 914 492 971 ratione
513 914 680 985 flectendos,
695 914 805 971 Intents
825 930 860 971 no
879 912 965 970 vehe-
1070 995 1071 1000 ἵ

177 1026 258 1068 mens
272 1028 335 1067 esse
348 1010 442 1069 debet.

216 1203 295 1263 LIII.
328 1205 385 1262 Sed
407 1214 450 1261 est
470 1204 601 1278 quedam
621 1203 650 1261 in
669 1202 714 1260 his
726 1202 840 1259 duobus
852 1201 965 1279 generi-

177 1300 231 1357 bus
252 1301 386 1378 (qnorum
409 1300 528 1358 alterurn
555 1300 630 1370 Ione,
652 1298 771 1356 alterum
798 1298 964 1370 vehemens,

133 1407 163 1457 10
178 1396 396 1476 essevolumus)
412 1396 537 1454 difficilis
558 1396 594 1453 ad
614 1395 848 1472 distinguendum
863 1394 965 1452 sitnIII·
1071 1417 1072 1424 ¹

177 1494 254 1552 tudo.
296 1492 324 1551 N
328 1513 382 1565 am,
397 1510 433 1550 ex
446 1492 495 1551 int
508 1492 635 1564 lenitate,
649 1493 706 1567 qui
724 1492 913 1550 conciliamur
926 1492 964 1551 iis

178 1591 227 1667 qni
243 1590 371 1663 audiunt,
384 1591 418 1647 ed
434 1590 509 1647 hano
519 1590 577 1647 vim
591 1590 769 1661 acerrimam,
780 1588 837 1663 qui
846 1588 964 1647 eosdem

196 1686 346 1757 sonamus,
368 1686 468 1743 influat
487 1696 598 1763 oportet
619 1686 735 1762 aliquid,
756 1695 785 1742 et
804 1704 840 1742 ex
859 1686 915 1743 heo
935 1686 964 1745 vi

178 1801 384 1858 nonnunquam
406 1782 493 1840 enimi
515 1783 621 1856 aliquid
640 1780 888 1857 [Inflammandum
903 1785 961 1864 est]

133 1891 164 1941 15
179 1879 220 1936 illi
234 1878 361 1936 lenitati:
388 1895 481 1952 neque
501 1887 545 1934 est
568 1876 626 1934 ullo
651 1875 834 1951 temperatior
859 1879 962 1952 mutin,

176 1993 262 2052 quarn
277 1975 334 2046 illa,
349 1974 378 2032 in
395 1975 451 2049 qui
472 1974 608 2049 asperitas
627 1973 822 2031 contentionis
840 1975 963 2033 oratoris

178 2071 267 2149 ipsius
300 2070 476 2128 humanitate
513 2070 663 2140 eonditum
700 2069 831 2128 remissio
868 2080 963 2129 nutem

179 2167 304 2228 lenitatis
324 2167 445 2242 quidam
467 2167 604 2244 gravitate
624 2176 653 2224 et
671 2167 858 2224 contentione
871 2167 965 2224 firmo·

178 2275 232 2323 tur.
273 2265 307 2322 In
330 2275 449 2340 utroque
471 2274 565 2322 autern
585 2281 690 2340 genere
716 2263 843 2337 dicendi,
864 2275 894 2323 et
914 2264 965 2322 iIIo

132 2373 164 2422 20
178 2360 278 2436 inquo
292 2361 334 2416 vis
349 2371 433 2435 atque
452 2361 599 2418 eontentio
619 2361 762 2436 queritur,
776 2371 806 2419 et
819 2362 876 2417 hoo
889 2359 965 2436 qnod

180 2455 214 2515 nd
235 2456 321 2513 vitem
341 2465 370 2512 et
390 2473 483 2513 mores
508 2458 750 2526 accommodatur,
771 2465 800 2512 et
819 2456 965 2531 principis

179 2553 260 2612 tarda
275 2550 378 2632 [sunt]
401 2561 431 2608 et
450 2550 542 2607 exitus
562 2560 657 2607 tamen
678 2551 760 2626 spissi
781 2561 811 2608 et
829 2551 963 2626 producti

176 2667 242 2709 esse
255 2649 369 2706 debent.
410 2646 440 2704 N
443 2665 487 2704 arn
501 2665 594 2722 neque
613 2647 796 2704 assiliendum
810 2647 906 2705 statim
920 2632 964 2706 est

180 2745 217 2806 ud
236 2745 307 2804 illud
327 2759 418 2823 genus
441 2743 580 2802 orationis
588 2763 596 2812 ;
624 2743 704 2800 abest
729 2743 808 2801 enirn
833 2753 925 2802 toturn
946 2762 965 2805 ι

133 2858 166 2912 ω
179 2843 284 2914 onusti
318 2851 347 2900 et
377 2840 508 2902 homines
540 2839 619 2916 prius
651 2839 744 2916 ipsum
777 2839 858 2912 illud,
885 2840 965 2916 quod

178 2938 325 3020 proprium
338 2937 382 2996 sui
394 2935 495 3013 judieii
510 2945 564 3008 est,
579 2934 678 2993 andire
697 2935 876 3008 desidernnt;
896 2955 962 3011 neo,

179 3053 248 3102 enm
273 3034 304 3096 in
329 3053 394 3096 einr
419 3031 559 3094 rationem
585 3031 733 3113 ingressus
757 3033 808 3109 sis,
830 3030 964 3099 nterim
