<?xml version="1.0" encoding="UTF-8"?>
<!DOCTYPE html PUBLIC "-//W3C//DTD XHTML 1.0 Transitional//EN"
    "http://www.w3.org/TR/xhtml1/DTD/xhtml1-transitional.dtd">
<html xmlns="http://www.w3.org/1999/xhtml" xml:lang="en" lang="en">
 <head>
  <title>
</title>
<meta http-equiv="Content-Type" content="text/html;charset=utf-8" />
  <meta name='ocr-system' content='tesseract 3.04.00' />
  <meta name='ocr-capabilities' content='ocr_page ocr_carea ocr_par ocr_line ocrx_word'/>
</head>
<body>
  <div class='ocr_page' id='page_1' title='image "./mtciceronisadqu03dillgoog_0040.png"; bbox 0 0 2167 3525; ppageno 0'>
   <div class='ocr_carea' id='block_1_1' title="bbox 145 252 967 333">
    <p class='ocr_par' dir='ltr' id='par_1_1' title="bbox 145 252 967 333">
     <span class='ocr_line' id='line_1_1' title="bbox 145 252 967 333; baseline 0 -14"><span class='ocrx_word' id='word_1_1' title='bbox 145 252 186 319; x_wconf 68' lang='lat'><strong>84</strong></span> <span class='ocrx_word' id='word_1_2' title='bbox 462 270 506 319; x_wconf 84' lang='lat' dir='ltr'><strong>ue</strong></span> <span class='ocrx_word' id='word_1_3' title='bbox 527 263 690 318; x_wconf 72' lang='lat' dir='ltr'><strong>onumen.</strong></span> <span class='ocrx_word' id='word_1_4' title='bbox 886 270 967 333; x_wconf 69' lang='lat' dir='ltr'><strong>mm</strong></span> 
     </span>
    </p>
   </div>
   <div class='ocr_carea' id='block_1_2' title="bbox 142 416 968 2210">
    <p class='ocr_par' dir='ltr' id='par_1_2' title="bbox 142 416 968 2210">
     <span class='ocr_line' id='line_1_2' title="bbox 189 416 967 497; baseline 0.006 -19"><span class='ocrx_word' id='word_1_5' title='bbox 189 416 363 482; x_wconf 73' lang='lat' dir='ltr'><strong>subridicule</strong></span> <span class='ocrx_word' id='word_1_6' title='bbox 382 416 538 497; x_wconf 78' lang='lat' dir='ltr'><strong>Philippus.</strong></span> <span class='ocrx_word' id='word_1_7' title='bbox 578 418 620 478; x_wconf 78' lang='lat' dir='ltr'><strong>At</strong></span> <span class='ocrx_word' id='word_1_8' title='bbox 631 428 784 494; x_wconf 79' lang='lat' dir='ltr'><strong>utrumque</strong></span> <span class='ocrx_word' id='word_1_9' title='bbox 796 436 888 497; x_wconf 72' lang='lat' dir='ltr'><strong>geum</strong></span> <span class='ocrx_word' id='word_1_10' title='bbox 899 436 967 483; x_wconf 74' lang='lat' dir='ltr'><strong>uuu-</strong></span> 
     </span>
     <span class='ocr_line' id='line_1_3' title="bbox 188 514 856 575; baseline 0 0"><span class='ocrx_word' id='word_1_11' title='bbox 188 516 260 575; x_wconf 84' lang='lat' dir='ltr'><strong>tiuet</strong></span> <span class='ocrx_word' id='word_1_12' title='bbox 273 515 352 574; x_wconf 85' lang='lat' dir='ltr'><strong>verbi</strong></span> <span class='ocrx_word' id='word_1_13' title='bbox 366 515 401 573; x_wconf 83' lang='lat' dir='ltr'><strong>ud</strong></span> <span class='ocrx_word' id='word_1_14' title='bbox 415 515 527 575; x_wconf 79' lang='lat' dir='ltr'><strong>litorum</strong></span> <span class='ocrx_word' id='word_1_15' title='bbox 540 514 680 574; x_wconf 77' lang='lat' dir='ltr'><strong>immutati</strong></span> <span class='ocrx_word' id='word_1_16' title='bbox 692 514 856 575; x_wconf 77' lang='lat' dir='ltr'><strong>eiruilitude</strong></span> 
     </span>
     <span class='ocr_line' id='line_1_4' title="bbox 227 610 967 695; baseline 0.001 -25"><span class='ocrx_word' id='word_1_17' title='bbox 227 610 273 670; x_wconf 82' lang='lat' dir='ltr'><strong>Ex</strong></span> <span class='ocrx_word' id='word_1_18' title='bbox 299 612 534 695; x_wconf 79' lang='lat' dir='ltr'><strong>umbigundicte</strong></span> <span class='ocrx_word' id='word_1_19' title='bbox 553 612 596 669; x_wconf 85' lang='lat' dir='ltr'><strong>vel</strong></span> <span class='ocrx_word' id='word_1_20' title='bbox 618 611 797 689; x_wconf 76' lang='lat' dir='ltr'><strong>argutissime</strong></span> <span class='ocrx_word' id='word_1_21' title='bbox 821 621 967 687; x_wconf 76' lang='lat' dir='ltr'><strong>putentur,</strong></span> 
     </span>
     <span class='ocr_line' id='line_1_5' title="bbox 188 707 967 786; baseline 0.001 -19"><span class='ocrx_word' id='word_1_22' title='bbox 188 708 310 767; x_wconf 82' lang='lat' dir='ltr'><strong>sednon</strong></span> <span class='ocrx_word' id='word_1_23' title='bbox 323 728 434 785; x_wconf 84' lang='lat' dir='ltr'><strong>semper</strong></span> <span class='ocrx_word' id='word_1_24' title='bbox 448 708 477 766; x_wconf 89' lang='lat' dir='ltr'><strong>in</strong></span> <span class='ocrx_word' id='word_1_25' title='bbox 488 709 566 786; x_wconf 81' lang='lat' dir='ltr'>joco,</span> <span class='ocrx_word' id='word_1_26' title='bbox 580 728 654 784; x_wconf 77' lang='lat' dir='ltr'><strong>sepe</strong></span> <span class='ocrx_word' id='word_1_27' title='bbox 674 708 759 768; x_wconf 83' lang='lat' dir='ltr'><strong>etium</strong></span> <span class='ocrx_word' id='word_1_28' title='bbox 774 707 804 765; x_wconf 85' lang='lat' dir='ltr'><strong>iu</strong></span> <span class='ocrx_word' id='word_1_29' title='bbox 818 708 967 785; x_wconf 71' lang='lat' dir='ltr'><strong>gravitate,</strong></span> 
     </span>
     <span class='ocr_line' id='line_1_6' title="bbox 157 804 968 882; baseline 0 -19"><span class='ocrx_word' id='word_1_30' title='bbox 157 812 173 863; x_wconf 83' lang='lat'><strong>5</strong></span> <span class='ocrx_word' id='word_1_31' title='bbox 188 816 342 863; x_wconf 80' lang='lat' dir='ltr'><strong>versentur.</strong></span> <span class='ocrx_word' id='word_1_32' title='bbox 383 804 522 865; x_wconf 81' lang='lat' dir='ltr'><strong>Afrieeno</strong></span> <span class='ocrx_word' id='word_1_33' title='bbox 535 805 578 863; x_wconf 88' lang='lat' dir='ltr'><strong>illi</strong></span> <span class='ocrx_word' id='word_1_34' title='bbox 590 805 701 882; x_wconf 83' lang='lat' dir='ltr'><strong>majori,</strong></span> <span class='ocrx_word' id='word_1_35' title='bbox 715 822 850 863; x_wconf 77' lang='lat' dir='ltr'><strong>cornuum</strong></span> <span class='ocrx_word' id='word_1_36' title='bbox 867 804 922 863; x_wconf 82' lang='lat' dir='ltr'><strong>ribi</strong></span> <span class='ocrx_word' id='word_1_37' title='bbox 935 804 968 863; x_wconf 89' lang='lat' dir='ltr'><strong>in</strong></span> 
     </span>
     <span class='ocr_line' id='line_1_7' title="bbox 188 900 968 981; baseline -0.003 -20"><span class='ocrx_word' id='word_1_38' title='bbox 188 900 318 981; x_wconf 78' lang='lat' dir='ltr'><strong>eouviviu</strong></span> <span class='ocrx_word' id='word_1_39' title='bbox 332 902 367 959; x_wconf 84' lang='lat' dir='ltr'><strong>ed</strong></span> <span class='ocrx_word' id='word_1_40' title='bbox 381 912 467 978; x_wconf 76' lang='lat' dir='ltr'><strong>eaput</strong></span> <span class='ocrx_word' id='word_1_41' title='bbox 481 901 720 973; x_wconf 82' lang='lat' dir='ltr'><strong>neeommoduuti,</strong></span> <span class='ocrx_word' id='word_1_42' title='bbox 733 920 800 959; x_wconf 86' lang='lat' dir='ltr'><strong>eum</strong></span> <span class='ocrx_word' id='word_1_43' title='bbox 816 900 968 977; x_wconf 75' lang='lat' dir='ltr'><strong>ennepius</strong></span> 
     </span>
     <span class='ocr_line' id='line_1_8' title="bbox 187 996 965 1073; baseline 0 -18"><span class='ocrx_word' id='word_1_44' title='bbox 187 1007 373 1073; x_wconf 74' lang='lat' dir='ltr'><strong>rumperetur,</strong></span> <span class='ocrx_word' id='word_1_45' title='bbox 394 996 426 1055; x_wconf 90' lang='lat' dir='ltr'><strong>P.</strong></span> <span class='ocrx_word' id='word_1_46' title='bbox 446 998 577 1057; x_wconf 79' lang='lat' dir='ltr'><strong>Lieiniue</strong></span> <span class='ocrx_word' id='word_1_47' title='bbox 597 997 700 1070; x_wconf 83' lang='lat' dir='ltr'><strong>Verus,</strong></span> <span class='ocrx_word' id='word_1_48' title='bbox 722 1005 740 1031; x_wconf 87' lang='lat'><strong>“</strong></span> <span class='ocrx_word' id='word_1_49' title='bbox 749 998 820 1055; x_wconf 84' lang='lat' dir='ltr'><strong>Noli</strong></span> <span class='ocrx_word' id='word_1_50' title='bbox 838 997 965 1070; x_wconf 85' lang='lat' dir='ltr'><strong>mireri,&#39;&#39;</strong></span> 
     </span>
     <span class='ocr_line' id='line_1_9' title="bbox 188 1091 967 1171; baseline 0.004 -21"><span class='ocrx_word' id='word_1_51' title='bbox 188 1091 289 1168; x_wconf 88' lang='lat' dir='ltr'><strong>inquit,</strong></span> <span class='ocrx_word' id='word_1_52' title='bbox 304 1094 356 1151; x_wconf 78' lang='lat' dir='ltr'><strong>“ui</strong></span> <span class='ocrx_word' id='word_1_53' title='bbox 376 1112 435 1151; x_wconf 89' lang='lat' dir='ltr'><strong>nou</strong></span> <span class='ocrx_word' id='word_1_54' title='bbox 455 1095 604 1152; x_wconf 70' lang='lat' dir='ltr'><strong>convenit:</strong></span> <span class='ocrx_word' id='word_1_55' title='bbox 629 1105 715 1170; x_wconf 81' lang='lat' dir='ltr'><strong>eaput</strong></span> <span class='ocrx_word' id='word_1_56' title='bbox 734 1094 811 1152; x_wconf 89' lang='lat' dir='ltr'><strong>enim</strong></span> <span class='ocrx_word' id='word_1_57' title='bbox 830 1111 967 1171; x_wconf 76' lang='lat' dir='ltr'><strong>magnum</strong></span> 
     </span>
     <span class='ocr_line' id='line_1_10' title="bbox 187 1190 968 1263; baseline 0.005 -16"><span class='ocrx_word' id='word_1_58' title='bbox 187 1192 270 1247; x_wconf 79' lang='lat' dir='ltr'><strong>est:”</strong></span> <span class='ocrx_word' id='word_1_59' title='bbox 291 1190 443 1263; x_wconf 79' lang='lat' dir='ltr'><strong>laudabile,</strong></span> <span class='ocrx_word' id='word_1_60' title='bbox 471 1202 499 1249; x_wconf 90' lang='lat' dir='ltr'><strong>et</strong></span> <span class='ocrx_word' id='word_1_61' title='bbox 525 1192 685 1249; x_wconf 79' lang='lat' dir='ltr'><strong>honestum.</strong></span> <span class='ocrx_word' id='word_1_62' title='bbox 739 1190 780 1250; x_wconf 81' lang='lat' dir='ltr'><strong>At</strong></span> <span class='ocrx_word' id='word_1_63' title='bbox 805 1210 841 1249; x_wconf 82' lang='lat' dir='ltr'><strong>ex</strong></span> <span class='ocrx_word' id='word_1_64' title='bbox 866 1191 968 1251; x_wconf 75' lang='lat' dir='ltr'><strong>eodem</strong></span> 
     </span>
     <span class='ocr_line' id='line_1_11' title="bbox 142 1286 968 1363; baseline 0.002 -20"><span class='ocrx_word' id='word_1_65' title='bbox 142 1292 172 1343; x_wconf 86' lang='lat'><strong>1⁰</strong></span> <span class='ocrx_word' id='word_1_66' title='bbox 187 1302 292 1363; x_wconf 80' lang='lat' dir='ltr'><strong>genere</strong></span> <span class='ocrx_word' id='word_1_67' title='bbox 312 1296 371 1345; x_wconf 79' lang='lat' dir='ltr'><strong>eet:</strong></span> <span class='ocrx_word' id='word_1_68' title='bbox 399 1286 534 1345; x_wconf 77' lang='lat' dir='ltr'><strong>“Calvus</strong></span> <span class='ocrx_word' id='word_1_69' title='bbox 554 1288 622 1345; x_wconf 78' lang='lat' dir='ltr'><strong>satie</strong></span> <span class='ocrx_word' id='word_1_70' title='bbox 642 1298 700 1356; x_wconf 82' lang='lat' dir='ltr'><strong>est3</strong></span> <span class='ocrx_word' id='word_1_71' title='bbox 727 1287 803 1363; x_wconf 83' lang='lat' dir='ltr'><strong>quod</strong></span> <span class='ocrx_word' id='word_1_72' title='bbox 829 1286 901 1344; x_wconf 84' lang='lat' dir='ltr'><strong>dieit</strong></span> <span class='ocrx_word' id='word_1_73' title='bbox 918 1304 968 1363; x_wconf 81' lang='lat' dir='ltr'><strong>pu·</strong></span> 
     </span>
     <span class='ocr_line' id='line_1_12' title="bbox 187 1380 967 1459; baseline 0.001 -20"><span class='ocrx_word' id='word_1_74' title='bbox 187 1383 277 1440; x_wconf 84' lang='lat' dir='ltr'><strong>rum.&#39;’</strong></span> <span class='ocrx_word' id='word_1_75' title='bbox 318 1380 366 1440; x_wconf 90' lang='lat' dir='ltr'><strong>Ne</strong></span> <span class='ocrx_word' id='word_1_76' title='bbox 385 1383 491 1443; x_wconf 85' lang='lat' dir='ltr'><strong>multu:</strong></span> <span class='ocrx_word' id='word_1_77' title='bbox 517 1382 627 1441; x_wconf 89' lang='lat' dir='ltr'><strong>nullum</strong></span> <span class='ocrx_word' id='word_1_78' title='bbox 648 1400 739 1459; x_wconf 83' lang='lat' dir='ltr'><strong>genus</strong></span> <span class='ocrx_word' id='word_1_79' title='bbox 758 1392 802 1439; x_wconf 82' lang='lat' dir='ltr'><strong>eet</strong></span> <span class='ocrx_word' id='word_1_80' title='bbox 818 1381 889 1457; x_wconf 81' lang='lat' dir='ltr'><strong>joui,</strong></span> <span class='ocrx_word' id='word_1_81' title='bbox 909 1398 967 1459; x_wconf 85' lang='lat' dir='ltr'><strong>quo</strong></span> 
     </span>
     <span class='ocr_line' id='line_1_13' title="bbox 187 1478 839 1556; baseline 0 -19"><span class='ocrx_word' id='word_1_82' title='bbox 187 1496 246 1537; x_wconf 85' lang='lat' dir='ltr'><strong>non</strong></span> <span class='ocrx_word' id='word_1_83' title='bbox 259 1496 295 1537; x_wconf 87' lang='lat' dir='ltr'><strong>ex</strong></span> <span class='ocrx_word' id='word_1_84' title='bbox 307 1478 409 1537; x_wconf 87' lang='lat' dir='ltr'><strong>eodem</strong></span> <span class='ocrx_word' id='word_1_85' title='bbox 422 1497 520 1538; x_wconf 81' lang='lat' dir='ltr'><strong>severe</strong></span> <span class='ocrx_word' id='word_1_86' title='bbox 533 1489 562 1536; x_wconf 89' lang='lat' dir='ltr'><strong>et</strong></span> <span class='ocrx_word' id='word_1_87' title='bbox 574 1479 672 1556; x_wconf 79' lang='lat' dir='ltr'><strong>gravia</strong></span> <span class='ocrx_word' id='word_1_88' title='bbox 684 1488 839 1537; x_wconf 83' lang='lat' dir='ltr'><strong>sumuntur.</strong></span> 
     </span>
     <span class='ocr_line' id='line_1_14' title="bbox 226 1575 968 1657; baseline 0.001 -23"><span class='ocrx_word' id='word_1_89' title='bbox 226 1575 322 1650; x_wconf 85' lang='lat' dir='ltr'><strong>Atque</strong></span> <span class='ocrx_word' id='word_1_90' title='bbox 343 1575 398 1635; x_wconf 83' lang='lat' dir='ltr'><strong>hou</strong></span> <span class='ocrx_word' id='word_1_91' title='bbox 418 1576 504 1657; x_wconf 75' lang='lat' dir='ltr'><strong>etium</strong></span> <span class='ocrx_word' id='word_1_92' title='bbox 524 1575 814 1647; x_wconf 75' lang='lat' dir='ltr'><strong>animadvertendum,</strong></span> <span class='ocrx_word' id='word_1_93' title='bbox 827 1590 887 1633; x_wconf 88' lang='lat' dir='ltr'><strong>nnn</strong></span> <span class='ocrx_word' id='word_1_94' title='bbox 902 1593 968 1635; x_wconf 80' lang='lat' dir='ltr'><strong>esee</strong></span> 
     </span>
     <span class='ocr_line' id='line_1_15' title="bbox 187 1670 967 1747; baseline 0.003 -19"><span class='ocrx_word' id='word_1_95' title='bbox 187 1670 284 1728; x_wconf 82' lang='lat' dir='ltr'><strong>omniu</strong></span> <span class='ocrx_word' id='word_1_96' title='bbox 302 1670 425 1732; x_wconf 78' lang='lat' dir='ltr'><strong>ridicule</strong></span> <span class='ocrx_word' id='word_1_97' title='bbox 446 1672 547 1731; x_wconf 80' lang='lat' dir='ltr'><strong>funeta.</strong></span> <span class='ocrx_word' id='word_1_98' title='bbox 586 1671 668 1732; x_wconf 77' lang='lat' dir='ltr'><strong>Quid</strong></span> <span class='ocrx_word' id='word_1_99' title='bbox 689 1671 767 1732; x_wconf 89' lang='lat' dir='ltr'><strong>enim</strong></span> <span class='ocrx_word' id='word_1_100' title='bbox 792 1679 884 1747; x_wconf 78' lang='lat' dir='ltr'><strong>potest</strong></span> <span class='ocrx_word' id='word_1_101' title='bbox 902 1686 967 1730; x_wconf 77' lang='lat' dir='ltr'><strong>erue</strong></span> 
     </span>
     <span class='ocr_line' id='line_1_16' title="bbox 142 1766 966 1842; baseline -0.004 -15"><span class='ocrx_word' id='word_1_102' title='bbox 142 1773 172 1828; x_wconf 84' lang='lat'><strong>15</strong></span> <span class='ocrx_word' id='word_1_103' title='bbox 187 1776 244 1824; x_wconf 79' lang='lat' dir='ltr'><strong>tum</strong></span> <span class='ocrx_word' id='word_1_104' title='bbox 271 1766 435 1838; x_wconf 88' lang='lat' dir='ltr'><strong>ridieulum,</strong></span> <span class='ocrx_word' id='word_1_105' title='bbox 461 1785 547 1842; x_wconf 79' lang='lat' dir='ltr'><strong>quem</strong></span> <span class='ocrx_word' id='word_1_106' title='bbox 574 1766 683 1823; x_wconf 82' lang='lat' dir='ltr'><strong>Suunio</strong></span> <span class='ocrx_word' id='word_1_107' title='bbox 708 1768 771 1825; x_wconf 75' lang='lat' dir='ltr'><strong>euti</strong></span> <span class='ocrx_word' id='word_1_108' title='bbox 824 1766 966 1840; x_wconf 82' lang='lat' dir='ltr'><strong>Sedere,</strong></span> 
     </span>
     <span class='ocr_line' id='line_1_17' title="bbox 186 1861 968 1938; baseline 0.004 -19"><span class='ocrx_word' id='word_1_109' title='bbox 186 1861 275 1924; x_wconf 85' lang='lat' dir='ltr'><strong>vultu.</strong></span> <span class='ocrx_word' id='word_1_110' title='bbox 301 1861 446 1920; x_wconf 77' lang='lat' dir='ltr'><strong>imitandis</strong></span> <span class='ocrx_word' id='word_1_111' title='bbox 475 1861 612 1932; x_wconf 80' lang='lat' dir='ltr'><strong>moribus,</strong></span> <span class='ocrx_word' id='word_1_112' title='bbox 638 1879 719 1933; x_wconf 85' lang='lat' dir='ltr'><strong>voee,</strong></span> <span class='ocrx_word' id='word_1_113' title='bbox 746 1861 871 1937; x_wconf 83' lang='lat' dir='ltr'><strong>denique</strong></span> <span class='ocrx_word' id='word_1_114' title='bbox 903 1861 968 1938; x_wconf 77' lang='lat' dir='ltr'><strong>ipse</strong></span> 
     </span>
     <span class='ocr_line' id='line_1_18' title="bbox 186 1956 967 2046; baseline -0.003 -28"><span class='ocrx_word' id='word_1_115' title='bbox 186 1975 315 2032; x_wconf 82' lang='lat' dir='ltr'><strong>eorpore,</strong></span> <span class='ocrx_word' id='word_1_116' title='bbox 335 1956 454 2018; x_wconf 50' lang='lat' dir='ltr'><strong>rideturt</strong></span> <span class='ocrx_word' id='word_1_117' title='bbox 494 1957 606 2014; x_wconf 83' lang='lat' dir='ltr'><strong>Seleum</strong></span> <span class='ocrx_word' id='word_1_118' title='bbox 627 1958 704 2016; x_wconf 85' lang='lat' dir='ltr'><strong>hune</strong></span> <span class='ocrx_word' id='word_1_119' title='bbox 723 1975 838 2032; x_wconf 79' lang='lat' dir='ltr'><strong>pomum</strong></span> <span class='ocrx_word' id='word_1_120' title='bbox 854 1958 967 2046; x_wconf 71' lang='lat' dir='ltr'><strong>dicere,</strong></span> 
     </span>
     <span class='ocr_line' id='line_1_19' title="bbox 187 2053 966 2131; baseline 0.001 -19"><span class='ocrx_word' id='word_1_121' title='bbox 187 2063 270 2130; x_wconf 82' lang='lat' dir='ltr'><strong>utque</strong></span> <span class='ocrx_word' id='word_1_122' title='bbox 290 2053 339 2117; x_wconf 83' lang='lat' dir='ltr'><strong>itu.</strong></span> <span class='ocrx_word' id='word_1_123' title='bbox 353 2072 411 2112; x_wconf 89' lang='lat' dir='ltr'><strong>nou</strong></span> <span class='ocrx_word' id='word_1_124' title='bbox 425 2064 457 2112; x_wconf 92' lang='lat' dir='ltr'><strong>ut</strong></span> <span class='ocrx_word' id='word_1_125' title='bbox 472 2053 612 2131; x_wconf 81' lang='lat' dir='ltr'><strong>ejusmodi</strong></span> <span class='ocrx_word' id='word_1_126' title='bbox 631 2063 774 2111; x_wconf 78' lang='lat' dir='ltr'><strong>oratorem</strong></span> <span class='ocrx_word' id='word_1_127' title='bbox 793 2071 857 2112; x_wconf 83' lang='lat' dir='ltr'><strong>eme</strong></span> <span class='ocrx_word' id='word_1_128' title='bbox 869 2054 966 2129; x_wconf 78' lang='lat' dir='ltr'><strong>velim,</strong></span> 
     </span>
     <span class='ocr_line' id='line_1_20' title="bbox 187 2150 413 2210; baseline 0 0"><span class='ocrx_word' id='word_1_129' title='bbox 187 2150 238 2210; x_wconf 80' lang='lat' dir='ltr'><strong>sed</strong></span> <span class='ocrx_word' id='word_1_130' title='bbox 251 2160 283 2209; x_wconf 93' lang='lat' dir='ltr'><strong>ut</strong></span> <span class='ocrx_word' id='word_1_131' title='bbox 295 2169 413 2210; x_wconf 75' lang='lat' dir='ltr'><strong>mimum</strong></span> 
     </span>
    </p>
   </div>
   <div class='ocr_carea' id='block_1_3' title="bbox 141 2343 968 2896">
    <p class='ocr_par' dir='ltr' id='par_1_3' title="bbox 141 2343 968 2896">
     <span class='ocr_line' id='line_1_21' title="bbox 141 2343 967 2422; baseline 0.007 -24"><span class='ocrx_word' id='word_1_132' title='bbox 141 2347 173 2398; x_wconf 74' lang='lat' dir='ltr'><strong>et</strong></span> <span class='ocrx_word' id='word_1_133' title='bbox 226 2343 323 2402; x_wconf 87' lang='lat' dir='ltr'><strong>LXII.</strong></span> <span class='ocrx_word' id='word_1_134' title='bbox 352 2344 589 2420; x_wconf 76' lang='lat' dir='ltr'><strong>Quamprimum</strong></span> <span class='ocrx_word' id='word_1_135' title='bbox 603 2344 773 2422; x_wconf 82' lang='lat' dir='ltr'><strong>geuuehoe,</strong></span> <span class='ocrx_word' id='word_1_136' title='bbox 787 2344 864 2419; x_wconf 85' lang='lat' dir='ltr'><strong>quod</strong></span> <span class='ocrx_word' id='word_1_137' title='bbox 877 2344 967 2405; x_wconf 82' lang='lat' dir='ltr'><strong>risum</strong></span> 
     </span>
     <span class='ocr_line' id='line_1_22' title="bbox 187 2438 966 2512; baseline 0.001 -15"><span class='ocrx_word' id='word_1_138' title='bbox 187 2439 231 2498; x_wconf 85' lang='lat' dir='ltr'><strong>vel</strong></span> <span class='ocrx_word' id='word_1_139' title='bbox 245 2438 367 2496; x_wconf 79' lang='lat' dir='ltr'><strong>maxime</strong></span> <span class='ocrx_word' id='word_1_140' title='bbox 386 2449 490 2511; x_wconf 86' lang='lat' dir='ltr'><strong>movet,</strong></span> <span class='ocrx_word' id='word_1_141' title='bbox 509 2458 567 2497; x_wconf 89' lang='lat' dir='ltr'><strong>non</strong></span> <span class='ocrx_word' id='word_1_142' title='bbox 586 2448 631 2496; x_wconf 80' lang='lat' dir='ltr'><strong>eet</strong></span> <span class='ocrx_word' id='word_1_143' title='bbox 649 2448 792 2509; x_wconf 68' lang='lat' dir='ltr'><strong>nostrum</strong></span> <span class='ocrx_word' id='word_1_144' title='bbox 813 2457 966 2512; x_wconf 75' lang='lat' dir='ltr'><strong>morosum,</strong></span> 
     </span>
     <span class='ocr_line' id='line_1_23' title="bbox 189 2534 968 2615; baseline 0 -21"><span class='ocrx_word' id='word_1_145' title='bbox 189 2534 452 2615; x_wconf 67' lang='lat' dir='ltr'><strong>[superstitiosum]</strong></span> <span class='ocrx_word' id='word_1_146' title='bbox 481 2534 679 2610; x_wconf 76' lang='lat' dir='ltr'><strong>suspiciosum,</strong></span> <span class='ocrx_word' id='word_1_147' title='bbox 706 2534 872 2612; x_wconf 79' lang='lat' dir='ltr'><strong>gloriosum,</strong></span> <span class='ocrx_word' id='word_1_148' title='bbox 898 2535 968 2594; x_wconf 80' lang='lat' dir='ltr'><strong>stul·</strong></span> 
     </span>
     <span class='ocr_line' id='line_1_24' title="bbox 187 2630 968 2707; baseline -0.003 -17"><span class='ocrx_word' id='word_1_149' title='bbox 187 2642 265 2691; x_wconf 91' lang='lat' dir='ltr'><strong>turn:</strong></span> <span class='ocrx_word' id='word_1_150' title='bbox 298 2640 407 2690; x_wconf 79' lang='lat' dir='ltr'><strong>neturae</strong></span> <span class='ocrx_word' id='word_1_151' title='bbox 440 2630 569 2688; x_wconf 87' lang='lat' dir='ltr'><strong>ridentur</strong></span> <span class='ocrx_word' id='word_1_152' title='bbox 603 2630 688 2706; x_wconf 62' lang='lat' dir='ltr'><strong>lpum</strong></span> <span class='ocrx_word' id='word_1_153' title='bbox 727 2650 798 2706; x_wconf 84' lang='lat' dir='ltr'><strong>quae</strong></span> <span class='ocrx_word' id='word_1_154' title='bbox 829 2649 968 2707; x_wconf 71' lang='lat' dir='ltr'><strong>personne</strong></span> 
     </span>
     <span class='ocr_line' id='line_1_25' title="bbox 188 2726 968 2806; baseline 0.003 -20"><span class='ocrx_word' id='word_1_155' title='bbox 188 2729 295 2806; x_wconf 76' lang='lat' dir='ltr'><strong>agitare</strong></span> <span class='ocrx_word' id='word_1_156' title='bbox 308 2727 441 2798; x_wconf 79' lang='lat' dir='ltr'><strong>solemus,</strong></span> <span class='ocrx_word' id='word_1_157' title='bbox 456 2745 514 2786; x_wconf 86' lang='lat' dir='ltr'><strong>non</strong></span> <span class='ocrx_word' id='word_1_158' title='bbox 534 2726 682 2784; x_wconf 72' lang='lat' dir='ltr'><strong>sustinere.</strong></span> <span class='ocrx_word' id='word_1_159' title='bbox 722 2726 855 2795; x_wconf 83' lang='lat' dir='ltr'><strong>Alterum</strong></span> <span class='ocrx_word' id='word_1_160' title='bbox 874 2745 968 2804; x_wconf 76' lang='lat' dir='ltr'><strong>genus</strong></span> 
     </span>
     <span class='ocr_line' id='line_1_26' title="bbox 141 2822 967 2896; baseline -0.005 -12"><span class='ocrx_word' id='word_1_161' title='bbox 141 2839 173 2890; x_wconf 74' lang='lat'><strong>25</strong></span> <span class='ocrx_word' id='word_1_162' title='bbox 187 2836 230 2884; x_wconf 83' lang='lat' dir='ltr'><strong>eet</strong></span> <span class='ocrx_word' id='word_1_163' title='bbox 256 2823 414 2883; x_wconf 76' lang='lat' dir='ltr'><strong>imitatione</strong></span> <span class='ocrx_word' id='word_1_164' title='bbox 442 2823 594 2882; x_wconf 78' lang='lat' dir='ltr'><strong>admodum</strong></span> <span class='ocrx_word' id='word_1_165' title='bbox 619 2822 782 2896; x_wconf 75' lang='lat' dir='ltr'><strong>ridiculum,</strong></span> <span class='ocrx_word' id='word_1_166' title='bbox 804 2823 856 2881; x_wconf 80' lang='lat' dir='ltr'><strong>&#39;sed</strong></span> <span class='ocrx_word' id='word_1_167' title='bbox 881 2823 967 2891; x_wconf 67' lang='lat' dir='ltr'><strong>nobie</strong></span> 
     </span>
    </p>
   </div>
   <div class='ocr_carea' id='block_1_4' title="bbox 188 2919 1071 2996">
    <p class='ocr_par' dir='ltr' id='par_1_4' title="bbox 188 2919 1071 2996">
     <span class='ocr_line' id='line_1_27' title="bbox 188 2919 1071 2996; baseline -0.006 -14"><span class='ocrx_word' id='word_1_168' title='bbox 188 2929 298 2982; x_wconf 86' lang='lat' dir='ltr'><strong>tentum</strong></span> <span class='ocrx_word' id='word_1_169' title='bbox 317 2921 386 2982; x_wconf 85' lang='lat' dir='ltr'><strong>lieet</strong></span> <span class='ocrx_word' id='word_1_170' title='bbox 405 2919 510 2993; x_wconf 81' lang='lat' dir='ltr'><strong>furtim,</strong></span> <span class='ocrx_word' id='word_1_171' title='bbox 525 2919 686 2996; x_wconf 75' lang='lat' dir='ltr'><strong>siquando,</strong></span> <span class='ocrx_word' id='word_1_172' title='bbox 700 2919 864 2993; x_wconf 69' lang='lat' dir='ltr'><strong>eteureim3</strong></span> <span class='ocrx_word' id='word_1_173' title='bbox 884 2919 966 2987; x_wconf 80' lang='lat' dir='ltr'><strong>diter</strong></span> <span class='ocrx_word' id='word_1_174' title='bbox 1070 2958 1071 2977; x_wconf 42' lang='lat' dir='ltr'><strong>r</strong></span> 
     </span>
    </p>
   </div>
   <div class='ocr_carea' id='block_1_5' title="bbox 0 0 1089 3525">
    <p class='ocr_par' dir='ltr' id='par_1_5' title="bbox 0 0 1089 3525">
     <span class='ocr_line' id='line_1_28' title="bbox 0 0 1089 3525; baseline 0 0"><span class='ocrx_word' id='word_1_175' title='bbox 0 0 1089 3525; x_wconf 95' lang='lat' dir='ltr'><strong> </strong></span> 
     </span>
    </p>
   </div>
  </div>
 </body>
</html>
