2167 3525
138 252 179 325 28
456 269 500 321 nn
521 270 684 320 onrnonn
880 273 963 337 [un

183 421 327 499 quomodo
346 420 429 479 simol
450 420 550 493 latero,
563 438 607 495 on,
620 438 717 495 venre,
730 420 849 495 vultum,
861 420 962 483 oeulos

182 526 315 594 occupet,
342 516 444 575 viderit
470 517 671 577 Demooritun:
702 536 797 594 neque
822 518 899 579 enim
924 518 961 580 ud

183 610 260 671 hune
280 632 439 671 sermonem
456 614 514 673 hou
534 614 672 691 pertiuet3
694 624 733 687 et,
753 614 778 673 ri
797 615 961 692 pertineret,

183 710 294 767 nescire
315 728 360 767 me
379 720 475 768 tamen
495 708 524 769 id
544 728 604 769 uon
622 710 751 789 puderet,
765 711 843 788 quod
855 730 893 769 ne
906 711 962 789 ipsi

151 805 296 883 tquidem
323 806 364 865 illi
390 807 506 880 seirent,
530 806 583 883 qui
608 807 819 884 pollicerentur.
865 806 963 867 Loeue

182 912 287 975 nutem,
303 913 331 960 et
350 903 430 981 regio
450 903 529 979 queri
549 902 665 963 ridiculi
682 903 763 982 (num
783 904 816 962 id
831 904 962 982 proxime

180 1000 329 1079 queritur)
360 1000 534 1077 turpitudine
566 1011 596 1059 et
628 1000 807 1059 deformitate
838 1001 962 1079 quldrm

180 1095 359 1155 continetur:
393 1096 455 1155 hree
485 1096 563 1155 enim
596 1097 723 1157 ridentur
749 1098 793 1156 rel
819 1098 889 1170 nole,
915 1096 960 1157 rel
1079 1115 1080 1120 ’

180 1191 313 1267 maxime,
333 1212 396 1269 que
416 1204 517 1251 notant
536 1204 567 1251 et
584 1193 737 1271 designent
756 1194 962 1270 turpitudinem

136 1288 303 1365 ltlrtliquam
323 1307 382 1347 non
402 1290 529 1367 turpiter.
570 1289 623 1348 Est
646 1301 750 1362 tutem,
771 1300 803 1348 ut
828 1290 864 1348 ed
890 1288 961 1347 illud

181 1384 296 1443 tertium
306 1385 431 1457 renium,
446 1396 490 1443 ent
502 1386 587 1462 plane
598 1385 717 1444 oratorie
729 1403 842 1444 morere
854 1383 959 1443 risum:

177 1482 226 1541 'rel
240 1482 323 1558 ·quod
343 1482 404 1560 ipse
423 1482 550 1541 hilariter
576 1480 801 1541 benevolentiam
824 1480 962 1541 eoneiliet

181 1577 220 1651 ei,
233 1596 284 1656 per
303 1597 388 1654 quern
409 1579 532 1637 exultata
551 1590 611 1650 eet3
631 1578 676 1638 rel
690 1579 766 1655 quod
786 1578 960 1637 admirentur

181 1690 281 1733 omnes
310 1694 440 1746 neumen,
467 1693 527 1733 uno
553 1694 627 1752 repe
653 1675 683 1733 in
708 1675 796 1734 verbo
826 1675 959 1752 positum,

138 1770 303 1828 tumaxime
323 1771 529 1846 respondentis,
543 1789 748 1845 nonnunquam
767 1771 854 1829 etiem
871 1771 961 1830 lueet·

181 1865 285 1936 eentis;
319 1866 362 1924 rel
395 1865 471 1942 quod
508 1864 613 1943 frangit
649 1865 850 1939 adversarium,
883 1865 961 1943 quod

181 1962 308 2038 impedit,
328 1962 405 2038 quod
424 1962 525 2033 elevat,
543 1961 618 2038 quod
638 1962 771 2034 deterret,
790 1963 868 2039 quod
886 1962 961 2024 refu·

180 2069 238 2132 ttt;
272 2059 315 2117 rel
342 2059 418 2136 quod
452 2058 545 2135 ipsum
576 2069 717 2118 oratorem
748 2059 869 2136 politum
896 2077 960 2120 eene

181 2155 325 2216 hominem
344 2156 495 2235 significet,
515 2156 595 2232 quod
611 2155 764 2228 eruditum,
782 2156 860 2233 quod
878 2157 960 2217 urire·

137 2264 169 2316 m
183 2271 262 2324 num,
277 2253 453 2330 meximeque
468 2251 546 2328 quod
565 2252 708 2311 tristitiam
726 2271 762 2312 nn
781 2253 959 2314 severitatem

182 2349 303 2428 mitigat,
323 2359 352 2406 et
377 2349 493 2421 relaxet,
519 2348 690 2425 ndidemque
713 2367 760 2410 ren
785 2369 869 2427 eaepe,
888 2367 959 2426 qum

183 2445 356 2523 argumentis
383 2444 452 2503 dilui
479 2463 537 2510 non
565 2445 649 2503 troile
675 2455 728 2516 ent,
751 2446 819 2521 joon
843 2445 960 2521 risuque

183 2541 318 2602 dissolvit.
357 2540 511 2603 Qnttenur
538 2551 632 2600 eutem
659 2539 717 2598 sint
741 2540 862 2602 ridieult
886 2551 960 2601 true·

182 2639 272 2698 tunde
282 2637 397 2710 oratori,
410 2655 546 2714 perquem
564 2636 718 2714 diligenter
735 2635 887 2696 ridendum
904 2653 958 2711 ent,

137 2739 170 2793 ὕ
183 2734 213 2794 id
232 2737 306 2812 quod
327 2735 356 2794 iri
375 2744 476 2811 quarto
495 2732 562 2791 loeo
586 2731 732 2808 querendi
757 2749 958 2808 posueramus:

182 2849 249 2892 nem
268 2849 324 2890 nee
343 2830 463 2910 insignit
482 2819 655 2906 improbiter,
674 2839 706 2888 et
723 2828 832 2888 ueelere
848 2828 958 2906 inpete,

182 2945 239 2987 neo
268 2946 364 2987 rursus
395 2927 510 2987 mirorir
541 2926 671 3005 inriguis,
697 2926 804 3005 rgimtr
827 2925 960 2991 ‘rideturz

183 3023 356 3088 lminororor
373 3025 451 3086 enim
471 3024 578 3104 majore
595 3024 720 3102 qurum
737 3023 777 3098 ri,
790 3041 876 3102 quur
893 3021 961 3085 ridi·
1074 3018 1075 3047 ¹
