2167 3525
133 264 215 327 am]
419 264 462 313 ns
484 262 647 316 censeas.
923 256 968 319 aa

129 413 208 476 nihil
228 412 443 487 habetetmthit
463 432 528 474 esse
546 412 575 472 ai
593 413 922 491 relictum,putarcta1.”

133 510 278 575 Tumex
303 510 376 571 libro
402 510 497 581 tertio,
524 510 639 586 inquo
665 510 750 570 finem
775 510 923 570 scribendi

134 606 206 676 lecit
221 608 276 685 (tot
289 606 377 679 enim,
391 616 424 665 ut
438 606 533 665 audivi
554 607 712 665 Scaevolam
731 606 839 679 dicere,
856 617 923 665 sunt

134 703 195 763 seri
208 703 290 762 Bruti
303 704 384 783 libri)
400 710 419 737 “
428 703 464 763 Iu
478 703 596 767 Tiburti
610 704 683 761 forte
697 702 854 786 assedimus
867 722 922 782 ego

133 810 165 861 et
183 799 302 860 Marcus
329 800 433 861 filius.”
453 860 455 865 .
476 801 562 859 “Ubi
581 811 648 859 suat
668 800 690 861 ii
710 800 801 873 limdi,
822 800 953 873 Brutos

133 914 206 973 quos
221 898 274 956 tibi
292 908 375 975 pater
394 898 519 975 publicis
540 898 752 965 commentariis
772 886 921 977 consigna·

133 1002 179 1053 tos
197 992 332 1070 teliquitl
377 995 478 1068 Quod,
498 995 555 1053 nisi
574 996 711 1072 puberem
731 995 788 1067 te,'‘
816 982 919 1070 inq'uit,

132 1096 152 1125 “
161 1090 221 1168 jam
240 1092 369 1164 haberet,
384 1103 516 1168 quartum
534 1092 639 1151 librum
658 1092 877 1169 composuisset,
891 1101 921 1149 et

132 1206 164 1247 se
184 1189 271 1247 etiam
292 1189 322 1247 in
343 1190 453 1249 balneis
479 1190 570 1247 lotum
597 1208 664 1247 cum
691 1190 761 1260 lilio,
782 1190 920 1265 scriptum

132 1285 339 1363 reliquissem
362 1286 443 1349 Quis
461 1296 505 1345 est
525 1286 623 1364 igitur,
638 1286 687 1361 qui
708 1306 767 1343 non
787 1286 919 1357 fateatur,
936 1290 967 1343 10

131 1380 189 1441 ltoc
203 1383 311 1459 lepore,
327 1394 410 1459 atque
431 1382 476 1442 his
496 1382 619 1454 facetiis,
632 1401 692 1441 non
704 1382 800 1439 minus
817 1382 921 1439 reluta

31 1520 36 1527 -
123 1488 194 1537 tum
208 1498 273 1539 esse
286 1479 417 1551 Brutum,
431 1499 516 1555 quam
530 1480 589 1542 illis
607 1478 763 1555 tragoediis,
778 1498 849 1553 quas
862 1478 922 1561 egit

133 1574 221 1646 idem,
233 1593 300 1631 cum
314 1594 383 1635 casu
398 1575 544 1633 incidam
558 1574 647 1652 causa
661 1574 760 1632 funere
773 1575 921 1633 efferretur

132 1688 206 1731 anus
232 1670 341 1729 Junial
380 1670 460 1744 Pro,
475 1671 525 1730 Dii
553 1671 743 1729 immortales!
777 1690 839 1748 quat
867 1670 921 1732 fuit

132 1767 191 1840 illa,
224 1777 330 1844 quanta
367 1767 424 1828 vis!
463 1787 548 1844 quam
585 1769 796 1844 inexspectata!
834 1773 966 1844 quam15

132 1864 298 1942 repentina!
333 1883 410 1938 cum,
436 1865 576 1942 conjectis
603 1865 705 1936 oculis,
730 1875 814 1942 gestu
840 1865 919 1925 omni
962 1865 964 1867 '

132 1958 303 2034 imminenti,
318 1961 430 2020 summi
450 1962 589 2039 gravitate
609 1971 638 2020 et
658 1962 805 2021 celetitate
820 1963 919 2021 verbo·

131 2075 205 2129 rum,
221 2065 239 2090 “
249 2057 348 2134 Brute,
362 2058 431 2134 quid
445 2058 546 2116 sedeat
570 2058 639 2134 quid
653 2059 730 2116 illam
745 2077 830 2116 anum
844 2058 918 2135 patri

122 2154 266 2224 ¹nuntiare
289 2155 332 2212 vis
354 2156 426 2212 tuol
457 2154 526 2230 quid
550 2154 607 2212 illis
630 2155 774 2226 omnibus,
798 2173 918 2232 quorum

132 2250 274 2328 imagines
286 2250 355 2310 duci
368 2250 467 2310 videsl
488 2250 558 2325 quid
577 2250 734 2326 majoribus
753 2250 830 2308 tuisl
850 2250 919 2326 quid
933 2262 966 2313 20

132 2346 166 2406 L
195 2347 295 2419 Bruto,
323 2346 372 2424 qui
399 2346 477 2404 hunc
503 2345 639 2423 populum
666 2347 815 2405 dominatu
838 2347 919 2426 regio

131 2446 283 2508 liberavitl
313 2445 383 2521 quid
408 2455 437 2504 tc
461 2445 575 2504 faceret
604 2445 651 2523 cui
672 2446 725 2519 rei,
740 2446 788 2504 cui
809 2446 918 2525 gloriae,

133 2543 181 2604 cui
193 2543 301 2610 uirtuti
325 2543 459 2602 studerel
487 2543 697 2618 patrimonium
719 2544 869 2625 augendol
890 2552 937 2602 at.

127 2640 162 2700 id
182 2657 241 2702 non
261 2647 306 2698 est
325 2639 497 2699 nobilitatis:
519 2640 570 2698 scd
590 2639 637 2698 fac
650 2659 722 2712 esse,
736 2629 918 2717 nihilssuper·

118 2746 192 2808 ,θείς
226 2735 361 2796 libidines
397 2745 489 2794 totum
526 2735 750 2812 dissipaverunt:
788 2755 826 2795 an
859 2735 918 2813 juri
932 2748 964 2800 25

132 2832 232 2894 civilil
252 2842 296 2891 cst
314 2842 481 2910 paternum:
509 2832 559 2890 sed
580 2832 727 2911 dicet,te,
749 2851 816 2891 cum
842 2835 918 2893 tedes

132 2929 281 3002 sentimas,
295 2947 333 2988 ue
347 2928 377 2988 in
390 2929 464 2986 rutis
476 2929 593 3004 quidem
606 2939 636 2986 et
647 2929 730 2987 caesis
747 2929 850 2988 solium
864 2930 918 2990 tibi

132 3035 284 3104 paternum
310 3025 470 3103 recepisse:
495 3043 532 3084 an
552 3024 595 3083 rei
614 3025 751 3098 militarit
777 3027 827 3105 qui
846 3036 918 3107 nutt-
