2167 3525
121 323 211 382 nur]
401 324 444 371 nr:
465 324 626 371 carrona.
887 312 942 369 139

121 471 244 529 Athenis
254 472 316 530 fieri
326 471 455 552 licebat),
467 474 592 550 leporem
604 474 746 531 habltdsse
757 474 897 547 dixerunt,

120 559 325 643 tantamquein
337 588 371 627 eo
382 571 437 627 vim
450 570 547 642 fuisse,
559 582 590 628 ut
601 572 630 628 in
640 589 736 629 eorum
746 572 898 643 mentibus,

121 664 170 739 qui
186 664 337 739 audissent,
349 667 429 741 quasi
442 668 556 725 aculeos
570 668 706 743 quosdam
720 667 896 744 relinqueret

121 761 163 819 At
176 762 252 819 hunc
272 762 331 820 non
350 761 486 821 clamator
507 764 608 839 aliquis
623 764 659 821 ad
672 765 846 840 clepsydram
859 765 899 828 la-

120 866 196 915 trare
216 859 361 931 docuerat,
382 861 441 932 ced,
456 869 488 918 ut
508 861 680 936 accepimus,
695 861 929 921 Clazomeniusb

121 953 169 1011 ille
177 954 371 1033 Anaxagoras,
380 957 422 1013 vir
431 976 557 1014 summus
568 957 597 1013 in
608 957 792 1015 maximarum
804 978 899 1015 rerum
970 978 979 1008 ι

121 1050 249 1109 scientirl.
291 1050 391 1126 Itaque
405 1052 452 1108 hic
467 1052 608 1124 doctrind,
623 1054 753 1125 consilio,
768 1054 901 1128 eloqueu-
968 1040 974 1125 {J

120 1146 159 1202 ris
171 1147 323 1219 excellens,
335 1148 521 1225 quadraginta
535 1168 624 1205 annos
634 1150 754 1224 praefuit,
767 1150 899 1221 Athenis,

121 1252 149 1299 et
162 1240 279 1301 urbanis
293 1245 393 1301 eodem
407 1256 534 1321 tempore
549 1255 576 1301 et
590 1245 700 1302 bellicis
712 1246 804 1301 rebus.

159 1339 241 1399 Quid
267 1339 390 1397 Critiasl
424 1340 491 1415 quid
519 1341 705 1398 Alcibiades?
739 1341 901 1399 civitatibus
918 1352 945 1400 1⁰

122 1434 180 1491 suis
207 1434 321 1509 quidem
348 1456 405 1493 non
432 1436 510 1508 boni,
535 1437 585 1493 sed
612 1446 700 1493 certe.
716 1437 793 1493 docti
818 1446 900 1511 atque

122 1529 297 1604 eloquentes,
325 1552 421 1589 nonne
449 1533 605 1590 Socraticis
630 1543 710 1590 erant
737 1533 901 1609 disputatio-

122 1625 207 1682 nibus
226 1627 349 1685 eruditil
388 1629 465 1689 Quis
485 1629 609 1686 Dionem
630 1630 814 1704 Syracosium
835 1629 901 1685 doc·

122 1722 205 1779 trinis
219 1724 351 1781 omnibus
364 1724 517 1800 expolivitl
538 1744 596 1782 non
616 1725 718 1782 Platol
739 1736 822 1801 atque
836 1743 901 1782 eum

123 1818 198 1875 idem
219 1818 266 1876 ille
286 1839 344 1877 non
364 1821 469 1898 linguae
490 1821 590 1894 solum,
605 1841 700 1877 verum
715 1821 800 1878 etiarn
815 1821 902 1880 animi
917 1828 947 1880 15

124 1933 157 1971 ac
184 1914 294 1972 virtutis
327 1918 470 1993 magister,
506 1918 542 1974 ad
574 1917 748 1974 liberandam
781 1916 901 1988 patriam

122 2010 243 2084 impulit,
265 2013 404 2085 instruxit,
427 2015 553 2071 armavit.
599 2014 711 2070 Aliisne
732 2016 817 2088 igitur
838 1995 903 2069 artiss

123 2109 176 2165 bus
188 2113 267 2166 hunc
286 2111 410 2167 Dionem
430 2111 553 2167 instituit
572 2109 664 2179 Plato,
680 2109 742 2164 aliis
761 2108 902 2165 Isocrates

124 2203 311 2260 clarissimum
338 2205 429 2261 virum
456 2205 653 2274 Timotheum,
674 2204 813 2275 Cononis,
833 2223 902 2278 prae-

124 2299 289 2356 stantissimi
316 2300 501 2375 imperatoris,
523 2300 622 2370 lilium,
644 2318 784 2355 summum
812 2300 948 2375 ipsumao

124 2395 332 2467 imperatorem,
367 2395 569 2469 hominemque
602 2392 817 2451 doctissimuml
855 2406 903 2454 aut

125 2492 187 2549 aliis
208 2491 403 2567 Pythagoreus
424 2491 471 2547 ille
492 2489 575 2566 Lysis
594 2490 765 2547 Thebanum
789 2489 903 2565 Epami·

124 2571 259 2657 nondam,
281 2587 356 2643 haud
384 2586 444 2644 scio
472 2605 507 2643 an
528 2605 669 2645 summum
696 2586 787 2642 virum
813 2605 903 2643 unum

125 2686 216 2739 omnis
236 2683 376 2740 Graeciael
398 2693 446 2740 aut
465 2683 626 2758 Xenophon
648 2683 835 2758 Agesilduml
856 2693 905 2739 aut

125 2777 283 2836 Philolsum
305 2779 448 2854 Archytas
468 2779 664 2836 Tarentinusl
692 2773 739 2835 aut
765 2779 826 2853 ipse
851 2778 949 2854 Py-rs

125 2873 257 2950 thagoras
277 2883 365 2932 totam
390 2875 467 2931 illam
487 2885 610 2932 veterem
637 2872 726 2930 Italiae
752 2873 903 2945 Graeciam,

128 2987 189 3043 quae
204 2969 348 3042 quondam
359 2969 468 3046 Magna
480 2970 605 3028 vocitata
617 2970 679 3027 estl
