2167 3525
138 267 232 329 unm
420 264 463 315 ns
484 265 646 315 carrona
908 262 965 326 m

139 428 240 496 paratu
259 417 344 475 nobis
362 434 434 494 opus
453 428 505 490 est,
521 428 552 475 ct
569 418 656 475 rebus
674 416 821 494 exquisitis
839 418 922 476 nudi-

138 534 196 592 que
215 525 244 572 et
263 513 401 586 eollectis,
423 514 576 585 arcessitis,
596 515 790 591 comportatis,
805 524 838 572 nt
857 515 920 588 tibi,

140 613 248 683 Cesar,
262 610 422 670 faciendum
444 621 487 669 eat
501 612 536 669 ad
557 628 680 682 aonum3
700 621 733 669 ut
744 628 800 688 ego
812 611 843 669 iu
855 611 922 671 mdi-

140 709 222 767 litate
247 707 381 780 laboravi,
409 708 484 783 quod
510 707 684 783 quotidianis
709 716 740 765 et
762 708 922 767 vernaculis

141 806 226 865 rebus
252 804 415 863 satisfacere
442 822 487 862 ma
513 822 598 881 posse
624 804 691 863 huic
723 804 831 881 popule
862 816 953 865 noue

141 902 283 978 putabam.

181 999 341 1057 Verborum
360 997 565 1077 eligendorum,
586 1008 615 1055 et
634 999 875 1072 collocandorum,
891 1009 923 1057 et

141 1094 413 1165 concludendorum,
435 1094 526 1151 facilis
553 1104 597 1151 est
616 1094 659 1151 vel
684 1094 765 1166 ratio,
785 1096 839 1168 vel,
860 1095 922 1153 sine

142 1192 262 1263 ratione,
277 1192 339 1268 ipsa
351 1190 526 1249 exercitatio.
566 1189 678 1249 Rerum
697 1200 741 1249 est
760 1191 830 1249 silva
846 1210 923 1269 mag·

142 1308 190 1361 na,
217 1306 303 1365 quam
330 1306 395 1347 cum
424 1277 519 1345 (i'raeci
549 1288 608 1364 jam
633 1306 692 1347 non
718 1298 858 1360 tenerent,
886 1289 924 1346 ob
938 1296 968 1345 1⁰

142 1402 263 1459 eamque
276 1400 391 1442 causam
408 1383 542 1460 juventus
561 1394 659 1441 nostra
671 1383 830 1441 dedisceret
841 1398 924 1459 prena
961 1371 964 1374 ¹

142 1478 291 1553 discendo,
318 1480 404 1539 etiarn
437 1479 532 1538 Latini
567 1479 605 1555 (si
637 1480 702 1539 Diis
732 1479 840 1559 placet)
867 1480 924 1538 hoo

144 1577 261 1635 biennio
281 1576 408 1654 magistri
429 1576 546 1634 dicendi
564 1575 747 1646 exstiterunt3
774 1592 846 1653 quos
870 1594 925 1654 ego

144 1691 247 1731 censor
274 1673 369 1731 edicto
400 1690 464 1731 meo
497 1671 680 1742 sustuleram
713 1690 770 1730 non
795 1690 853 1747 quo
879 1672 925 1749 (ut

144 1771 244 1829 nescio
262 1789 333 1847 quos
352 1769 449 1828 dicere
466 1769 593 1848 aiebant)
609 1769 673 1827 acui
687 1769 803 1846 ingenia
816 1769 924 1828 adoles·
939 1777 970 1825 15

144 1867 271 1928 centium
298 1866 412 1939 nollem,
437 1867 496 1938 sed,
525 1876 634 1936 contra,
660 1865 778 1943 ingenia
802 1867 923 1924 obtundi
1010 1883 1014 1888 ’

144 1964 234 2036 nolui,
261 1963 439 2022 corroborari
470 1962 683 2037 impudentiam.
736 1960 823 2033 Nam,
850 1962 924 2040 apud

144 2061 262 2118 Grecos
294 2060 342 2136 qui
375 2059 514 2136 ejusmodi
541 2068 646 2129 esseut,
672 2058 803 2116 videbam
828 2069 923 2115 tamen

145 2175 219 2228 esse,
239 2167 339 2232 prater
363 2156 436 2213 hanc
463 2154 696 2212 exercitationem
722 2152 837 2229 lingue,
857 2153 924 2210 dcc·

146 2252 250 2310 trinam
265 2251 386 2326 aliquam
399 2261 428 2309 et
441 2249 645 2307 humanitatem
657 2249 773 2323 dignam
787 2249 924 2306 scientia:
939 2251 971 2301 m

147 2348 198 2405 hos
212 2363 277 2404 vcro
290 2363 376 2404 novos
389 2344 538 2420 magistros
552 2341 623 2400 nihil
637 2341 829 2420 intelligebam
841 2361 925 2419 posse

146 2441 261 2515 docere,
276 2441 332 2499 nisi
345 2451 376 2499 ut
391 2440 542 2508 auderent3
563 2439 649 2514 quod,
663 2439 748 2496 etiam
762 2457 828 2497 cum
842 2440 925 2498 bonis

147 2541 232 2598 rebus
252 2539 446 2622 conjunctum,
460 2555 510 2612 per
529 2554 561 2594 se
580 2536 672 2611 ipsum
691 2546 735 2594 est
754 2553 925 2614 magnopere

148 2634 322 2714 fugiendum.
364 2633 430 2692 Hoc
450 2651 516 2691 cum
534 2652 623 2690 unum
636 2631 802 2705 traderetur,
816 2644 845 2691 et
859 2651 924 2691 cum

147 2730 330 2807 impudentias
350 2730 433 2789 ludus
452 2739 535 2800 esset,
549 2729 645 2804 putavi
659 2746 721 2785 esse
738 2728 874 2801 censoris,
887 2745 925 2786 ne
938 2735 971 2785 25

147 2827 261 2906 longius
281 2826 310 2884 id
330 2836 464 2902 serperet,
477 2824 633 2901 providere.
673 2823 848 2901 Quanquam
866 2843 925 2882 non

148 2923 211 2980 lraec
237 2923 277 2980 ita
302 2932 395 2982 statuo
429 2933 511 2999 atque
544 2920 678 2993 decerno,
703 2931 736 2979 ut
767 2920 923 2999 desperem,

150 3018 253 3077 Latine
278 3038 322 3092 ea,
349 3020 384 3078 de
416 3019 518 3094 quibus
550 3017 763 3094 disputavimus,
789 3019 862 3076 tradi
890 3035 925 3075 ac

228 3131 291 3171 von.
307 3133 338 3172 ιι.
456 3117 490 3172 ll
