2167 3525
124 252 166 313 at
443 273 487 319 nn
508 272 672 330 oasronn,
833 222 840 241 ,
870 270 953 330 [nn

169 436 236 477 nam
256 418 293 477 ad
311 436 453 477 summam
472 421 562 479 totius
585 440 678 479 eausa
703 420 836 496 pertinet,
857 428 953 489 naute,
1000 405 1004 416 ’

170 532 207 573 tn
234 525 343 587 oontra,
371 516 565 575 demonstrata
593 536 639 574 res
666 512 721 587 ¹sit;
756 518 832 592 quod
860 515 954 574 omnis

170 610 308 669 orationis
321 611 437 686 reliquas
451 612 515 669 fons
528 622 572 669 ost
585 612 718 670 narratio.
952 673 955 682 ,

209 707 353 782 Sequitur,
368 718 400 765 ut
420 727 507 769 eausa
526 719 658 785 ponatur,
674 708 704 765 in
724 726 782 783 quo
798 707 953 790 rideqdum

139 808 222 875 best,
242 803 310 878 quid
330 804 360 863 in
381 806 602 863 controversiam
629 806 731 863 veniat.
784 804 863 863 Tum
889 822 955 881 sug·

169 900 296 977 gerenda
322 911 388 958 sunt
414 901 593 960 firmamenta
618 921 714 959 causae
740 902 904 977 eonjunote,
924 910 956 957 et

170 995 347 1055 infirmandis
381 997 541 1069 contrariis,
575 1007 605 1055 et
640 998 697 1054 tuis
732 996 953 1054 confirmandis:

169 1110 292 1169 namque
312 1112 369 1151 una
391 1093 421 1150 in
447 1093 542 1151 nausis
569 1094 641 1151 ratio
668 1094 797 1168 quodam
823 1103 867 1150 est
893 1093 955 1169 ejus

168 1188 315 1261 orationis,
335 1208 399 1263 quae
421 1189 455 1246 ad
476 1190 652 1264 probandam
681 1188 955 1265 argumentationem

125 1300 156 1349 ιο
170 1284 251 1342 valet.
306 1284 350 1342 Ea
371 1295 464 1345 autem
485 1294 515 1342 et
535 1285 780 1342 confirmationem
807 1294 836 1343 et
863 1302 956 1359 repre·

71 1459 73 1463 Ι
127 1427 128 1434 ,
170 1380 338 1439 hensionem
358 1380 475 1455 querit:
498 1380 559 1452 sod,
579 1381 647 1456 quia
669 1399 762 1455 neque
786 1380 955 1455 reprehendi

170 1496 232 1553 qua
247 1476 505 1549 contradicuntur,
519 1487 647 1553 possunt,
662 1477 718 1534 nisi
732 1488 781 1535 tua
795 1477 954 1547 nontamen,

171 1592 263 1648 neque
290 1573 352 1631 haeo
380 1574 552 1645 confirmari,
580 1574 636 1630 nisi
665 1574 715 1631 illa
746 1573 953 1649 reprehendas;

170 1669 279 1727 ideireo
300 1671 361 1727 heo
375 1680 403 1727 et
417 1670 529 1741 natura,
544 1679 573 1729 et
587 1670 718 1741 utilitate,
732 1680 762 1729 ot
774 1670 954 1741 tractatione,

124 1753 157 1826 15
171 1766 326 1841 conjuncta
338 1776 412 1826 sunt.

209 1861 317 1921 Omnia
338 1872 432 1920 autem
457 1863 658 1920 concludenda
680 1863 846 1940 plerumque
870 1865 955 1922 rebus

172 1958 320 2036 augendis,
331 1958 374 2015 vel
390 1959 593 2017 inflammando
603 1960 711 2035 judiee,
723 1960 766 2017 rel
782 1961 954 2038 mitigando:

171 2056 323 2131 omniaque
345 2075 410 2114 oum
432 2056 627 2132 superioribus
647 2057 784 2115 orationis
797 2057 880 2130 loeis,
895 2068 955 2115 tum

171 2153 293 2212 maxime
326 2164 461 2226 extremo,
496 2153 531 2211 ad
565 2164 676 2212 mentes
707 2153 838 2230 judicum
871 2173 956 2230 quarn

125 2261 157 2312 2⁰
171 2251 293 2310 maxime
314 2251 528 2325 permovendas,
549 2261 579 2309 et
599 2253 635 2308 ad
656 2251 807 2312 utilitatem
829 2261 955 2308 nostram

121 2375 127 2389 ·
172 2347 324 2417 vocandas,
340 2348 514 2406 eonferenda
527 2358 602 2404 sunt.

165 2491 170 2500 ,
211 2442 315 2516 Neque
348 2457 416 2499 sane
446 2442 505 2519 jam
539 2461 627 2500 causa
658 2443 769 2502 ridetur
801 2461 874 2516 esse,
904 2463 956 2502 eur

172 2555 354 2598 secernamus
381 2555 416 2594 ea
440 2548 592 2613 precepta,
620 2557 694 2612 quae⁴
709 2539 745 2597 de
776 2541 956 2598 suasionibus

165 2633 311 2692 ¹tradenda
337 2642 411 2703 sunt,
440 2641 488 2689 aut
516 2632 745 2704 laudationibus;
779 2645 846 2692 aunt
878 2636 956 2694 enim

126 2741 158 2794 25
171 2730 306 2805 pleraque
326 2728 507 2788 eommunia:
528 2729 578 2786 sed
592 2739 689 2787 tamen
702 2730 822 2788 suadere
839 2731 954 2806 aliquid,

119 2857 126 2889 .·
173 2835 222 2884 aut
237 2826 420 2901 *dissuadere
448 2825 621 2902 gravissimae
652 2826 723 2884 mihi
750 2827 860 2884 videtur
893 2845 957 2886 osse

166 2939 307 3001 ,persono
349 2921 426 2984 Nam
445 2933 474 2984 et
493 2923 629 3000 sapientis
655 2932 709 2991 est.
731 2923 883 2988 eonsilium
908 2943 956 2983 sx-
