2167 3525
105 280 186 348 nn]
386 282 429 333 nn
449 280 613 333 onnronn
892 274 934 337 aa

104 431 176 493 milri
195 430 245 492 rix
263 430 410 493 ferandum
429 433 586 494 videbatur.
626 432 686 494 Hie
699 450 766 493 euro
781 431 889 493 misis-

105 538 150 588 set
162 529 228 607 ipse·
239 529 368 604 Crassus,
381 530 529 605 Attamen,
543 530 637 607 inquit
649 530 805 604 Antonius,
819 547 888 590 oum

106 638 198 685 artem
223 644 285 685 esse
311 627 488 701 liruetiarurn,¹
509 626 579 701 Juli,
599 646 730 707 negares,
750 626 887 704 aperuisti

106 720 251 797 quiddam,
262 722 338 799 quod
350 722 574 800 praecipiendum
585 723 736 782 videretur.
776 721 887 781 Hiberi

107 816 185 876 eninr
210 818 307 877 dixisti
333 820 472 879 rationem
498 831 630 897 oportere
655 819 814 892 hominum,
832 816 917 892 reio

106 912 250 990 temporis,
264 914 383 991 nequid
400 915 484 993 joans
495 916 533 973 de
545 914 684 994 gravitate
703 915 886 992 decerperet3

106 1010 183 1086 quod
202 1010 318 1087 quidem
338 1012 368 1070 in
385 1011 484 1089 primis
498 1030 515 1071 a
528 1012 634 1071 Crasso
647 1012 791 1071 observari
804 1011 885 1070 solat.

106 1106 165 1166 Sed
184 1106 241 1165 hoo
259 1118 434 1185 proseptum
452 1098 728 1185 'pretermittendum
747 1118 791 1167 est
811 1108 887 1167 leoe-

105 1202 220 1277 narum,
247 1222 314 1263 oum
340 1204 385 1263 his
411 1204 483 1264 nihil
509 1223 581 1283 opus
606 1205 660 1264 sit:
692 1222 747 1264 noo
780 1214 886 1277 antem,

104 1300 249 1377 quomodo
261 1311 383 1375 utamur,
397 1318 464 1360 oum
477 1320 550 1379 opus
563 1303 609 1374 sit,
622 1301 791 1379 querimua3
810 1311 843 1359 nt
855 1301 886 1360 in
900 1310 933 1362 1⁰

106 1396 353 1460 adversarium
373 1398 505 1471 maxime,
520 1398 545 1456 si
564 1398 625 1475 ejus
645 1398 765 1456 stultitia
782 1394 888 1473 poterit

106 1494 219 1571 agitari,
239 1493 270 1551 in
295 1504 399 1552 testem·
422 1496 551 1566 stultum,
575 1494 722 1570 cupidum,
741 1494 843 1565 levem,
862 1493 889 1552 si

105 1590 193 1649 senile
219 1589 349 1648 homines
377 1590 501 1648 audituri
526 1590 706 1648 videbuntur.
759 1589 889 1649 Omnino

104 1686 298 1766 probabiliora
316 1696 391 1759 sunt,
412 1704 475 1764 quie
497 1686 623 1745 laoessiti
649 1686 780 1759 dicimus,
801 1702 887 1763 quant

104 1802 169 1862 quae
182 1784 307 1861 priores:
328 1803 394 1842 nam
407 1794 437 1842 ot
451 1783 559 1861 ingenii
579 1783 712 1842 celeritas
729 1784 819 1861 major
831 1792 932 1857 estro

103 1899 168 1959 quae
187 1891 303 1958 apparet
319 1881 348 1939 iu
366 1880 576 1957 respondendo,
590 1890 620 1938 et
639 1880 823 1939 humanitatis
842 1890 887 1939 est

105 1978 261 2055 responsio.
311 1977 450 2036 Videmur
470 1977 547 2035 eninr
568 1976 691 2052 quieturi
711 1976 808 2049 finisse,
828 1976 886 2036 nisi

105 2091 232 2133 essemus
243 2073 385 2146 iooessiti3
406 2084 447 2146 nt,
462 2073 491 2132 iu
505 2074 560 2132 iata
573 2074 634 2151 ipsl
648 2073 800 2145 oonoione,
813 2071 886 2131 nihil

105 2170 166 2228 lere
185 2163 294 2228 diorum
314 2180 358 2227 est
378 2169 500 2242 abhoc,
520 2169 597 2244 qnod
624 2169 740 2244 quidem
765 2167 888 2226 laeetins

105 2265 216 2334 dietum
235 2265 387 2337 videretur,
407 2265 483 2340 quod
503 2283 562 2323 non
581 2274 753 2340 provocatus
772 2281 887 2341 respon
898 2277 932 2332 m

105 2362 190 2421 derit
243 2361 313 2420 Erat
339 2372 433 2420 autem
456 2369 535 2419 tanta
555 2359 679 2438 gravitas
697 2360 727 2418 in
747 2359 887 2434 Domitio,
930 2433 935 2442 .

104 2469 185 2519 tanta
205 2457 369 2530 auotoritas,
384 2467 425 2530 ut,
439 2457 514 2534 quod
533 2468 609 2516 esset
629 2457 665 2517 ab
683 2477 720 2518 eo
731 2457 886 2536 objectum,

9 2603 11 2612 ,
104 2556 202 2633 lepore
215 2555 307 2634 magis
319 2555 498 2628 elevandum,
511 2573 596 2631 quam
617 2553 800 2614 contentione
813 2554 889 2614 sran-

105 2651 243 2732 gendum,
256 2651 407 2711 videratur.
444 2731 446 2738 Α
740 2633 744 2644 ’

144 2843 239 2904 LVII.
270 2843 348 2903 Turn
369 2843 524 2920 Sulpicius,
544 2842 627 2906 Quid
647 2841 755 2922 igitnrl
777 2842 931 2920 inquitas

104 2941 255 3018 patiamur,
270 2939 424 3013 Caesarem,
438 2939 488 3018 qui
507 2957 670 3016 quenquam
690 2939 796 2999 Crasso
813 2939 889 3000 snos·

106 3036 163 3098 tias
182 3036 325 3114 oouoodit,
345 3047 443 3097 tamen
467 3035 607 3126 moltoin
626 3053 663 3097 eo
681 3034 778 3097 undio
790 3034 890 3114 'magis

185 3149 250 3193 ron.
264 3150 296 3193 11.
413 3133 435 3192 8
