2167 3525
40 274 46 293 ·
160 268 197 329 ιι
477 280 521 329 nn
542 280 707 331 ommes.
905 282 988 344 [nm
1074 353 1075 364 ἵ

202 424 323 502 Antoni,
345 428 400 489 ista
422 448 646 490 commemoras:
674 448 741 489 nain
762 448 819 508 ego
841 430 912 489 nihii
935 449 988 490 un·

201 538 287 602 quam
319 526 388 600 vidi,
416 528 491 603 quod
522 538 581 585 tarn
608 545 625 586 e
650 527 785 586 manibus
815 528 986 600 elaberetur,

201 640 287 698 quum
314 624 384 682 mihi
411 634 471 682 turn
498 634 542 682 est
568 625 666 701 elapsa
691 624 741 682 illa
766 642 863 683 causa
911 624 987 683 Gom

201 720 279 780 enim
300 718 551 798 (quemadmodum
571 721 681 801 dixisti)
703 722 755 779 tibi
769 740 825 799 ego
837 740 896 779 uon
913 722 987 799 judi·

172 816 289 888 ocium,
310 816 360 875 sed
382 816 559 889 incendium,
579 817 778 888 tradidissem3
804 817 881 893 qnod
904 829 987 877 tunm
1075 807 1076 858 i

202 912 384 989 principium,
410 912 461 971 Dii
487 914 672 987 immortales,
699 914 770 973 fuiti
804 915 854 990 qui
883 914 970 973 timor
978 916 988 973 i·
1075 909 1076 934 ¹

202 1028 264 1085 quae
278 1008 434 1069 dubitatio!
456 1022 564 1086 quanta
583 1010 733 1083 haesitatio,
747 1021 912 1087 tractusque
926 1030 987 1069 rer·
1075 1017 1076 1020 ’

201 1106 318 1165 borum!
372 1106 411 1165 Ut
438 1106 507 1165 illud
535 1107 628 1179 initio,
651 1108 728 1184 qood
754 1108 808 1167 tibi
834 1126 923 1165 unum
950 1108 986 1166 ad

202 1202 410 1280 ignoscendum
431 1204 563 1261 homines
588 1204 705 1275 dabant,
725 1204 859 1275 tenuisti;
887 1215 917 1262 te
934 1222 987 1282 pro

157 1308 188 1359 lu
203 1299 317 1358 homine
348 1300 573 1376 pernecessario,
607 1311 747 1375 questore
778 1311 838 1373 tuo,
872 1301 985 1373 dicere;

202 1414 288 1472 quam
314 1396 367 1455 tibi
392 1398 515 1473 primurn
548 1397 667 1455 munisti
695 1398 731 1455 ad
756 1408 787 1454 te
813 1397 986 1456 audiendum

202 1490 294 1549 marn!
348 1491 428 1551 Ecce
456 1504 651 1565 autemeam
676 1503 706 1551 te
732 1493 804 1550 nihil
828 1493 904 1551 aliud
925 1512 987 1570 pro·

203 1587 306 1646 secisse
334 1589 493 1661 arbitrarer,
513 1590 570 1647 nisi
596 1600 629 1647 ut
655 1589 786 1647 homiues
811 1590 875 1662 tibi,
895 1590 986 1649 civeru

203 1682 362 1757 improbum
384 1685 559 1757 defendenti,
576 1686 784 1762 ignoscendum
803 1696 919 1762 propter
936 1705 987 1745 ne·

158 1779 407 1840 necessitudinem
429 1781 648 1851 arbitrarentur3
669 1783 916 1856 serpereocculte
932 1802 987 1842 cte·

202 1874 278 1950 pisti,
296 1874 435 1934 nihildum
458 1877 520 1934 aiiis
541 1877 762 1952 suspicantibus,
778 1897 823 1936 me
843 1897 911 1938 vero
928 1879 986 1957 jam

202 1971 431 2048 pertimescente,
446 1983 477 2030 ut
491 1972 579 2043 illam,
590 1991 648 2030 non
662 1973 793 2032 Norbani
806 1975 985 2048 seditionem,
1076 2036 1077 2041 ,

202 2067 254 2125 sed
287 2068 384 2145 populi
417 2068 545 2126 Romani
578 2052 766 2142 iracundiam,
797 2090 892 2147 neque
923 2091 988 2132 eam
1076 2126 1077 2129 ,

203 2163 346 2244 injustam,
361 2164 411 2222 sed
431 2164 562 2223 meritam
583 2184 618 2223 ac
638 2166 774 2238 debitam,
789 2167 877 2226 fuisse
890 2168 988 2228 defen·

156 2271 189 2322 20
203 2261 293 2320 dores.
340 2261 453 2320 Deinde
475 2262 524 2338 qui
548 2263 631 2320 locus
657 2263 708 2321 abs
730 2274 760 2322 te
781 2266 987 2340 praetermissus

203 2366 246 2415 est
259 2358 289 2414 in
304 2357 490 2433 Caepionemi
510 2370 542 2417 ut
555 2371 586 2416 tu
600 2360 649 2418 illa
668 2362 764 2418 omnia
777 2362 853 2433 odio,
868 2363 985 2435 invidia,

201 2452 400 2511 misericordia
426 2453 583 2512 miscuisti!
637 2455 741 2530 idoque
761 2456 823 2514 haec
843 2458 934 2516 solum
955 2458 986 2516 in

203 2548 379 2621 defensione,
394 2548 444 2606 sed
458 2549 545 2607 etiam
558 2551 588 2608 in
603 2552 724 2623 Scauro,
738 2549 897 2630 ceterisque
914 2555 987 2613 meis

202 2645 333 2717 testibus,
346 2663 467 2721 quornm
487 2647 660 2719 testimonia,
674 2665 734 2706 non
753 2648 920 2722 refellendo,
934 2650 985 2709 sed

102 2815 111 2828 x
156 2749 190 2803 25
205 2741 240 2802 ad
259 2741 383 2801 eundem
402 2742 538 2819 impeturn
565 2744 663 2821 populi
686 2744 891 2822 confugiendo,
910 2745 986 2806 rein·

203 2838 278 2898 tosti.
318 2839 394 2902 Que
415 2857 482 2898 cum
503 2840 554 2898 abs
572 2851 602 2899 te
620 2841 708 2899 modo
728 2859 986 2902 commemoraren-

203 2945 259 3008 tur,
274 2935 405 3012 equidem
419 2936 498 2996 nulla
509 2948 652 3014 precepta
667 2937 881 2998 desiderabam:
901 2939 987 3000 istam

202 3030 281 3094 enim
301 3031 392 3110 ipsam
411 3032 683 3094 demonstrationem
705 3033 906 3097 defensionum
925 3045 988 3098 tut·
