2167 3525
129 346 209 405 nn]
411 347 454 395 ns:
475 347 638 395 omroun
918 334 958 393 43

128 494 277 566 manseris,
297 506 326 553 to
344 496 445 570 paucis
465 496 548 554 annis
568 496 604 555 ad
624 495 761 554 maximas
772 494 911 572 pecunias

129 608 193 647 esse
216 594 392 649 venturum.'’
449 593 483 649 ln
510 592 567 649 hoc
593 610 698 669 genere
725 592 854 650 Fannius
880 591 911 649 iu

131 687 280 743 annalibus
312 688 371 745 suis
405 688 576 747 Africanum
613 688 691 745 hunc
724 688 913 748 AEmiliauum

128 781 199 839 dicit
214 782 308 855 luisse,
320 793 349 841 et
362 802 428 841 eum
441 785 546 841 Graeco
560 785 645 841 verbo
660 784 781 859 appellat
794 790 911 857 εἴρωναι

128 878 188 948 sed,
204 879 245 935 uti
260 879 364 951 lerunt,
378 880 426 955 qui
441 880 542 937 melius
557 880 618 937 haec
631 880 748 951 ndrunt,
763 881 911 937 Socratem
925 887 942 935 5

128 974 229 1048 opinor
257 975 286 1031 in
315 976 368 1033 hac
402 974 494 1033 ironiti
527 976 793 1052 dissimulantiaque
826 975 912 1058 longe

125 1070 223 1145 lepore
235 1081 263 1128 et
274 1071 449 1129 humanitate
460 1072 593 1129 omuibus
603 1072 774 1148 praestitisse.
811 1072 912 1129 Genus

39 1164 43 1175 ¹
127 1176 170 1223 est
188 1167 367 1243 perelegans,
381 1178 410 1225 et
425 1187 490 1226 curn
508 1168 646 1245 gravitate
659 1169 775 1238 salsum,
789 1186 911 1243 cumque

118 1264 259 1320 oratoriis
286 1264 468 1335 dictionibus,
492 1275 554 1322 turn
582 1264 698 1321 urbanis
721 1264 910 1336 sermonibus,

127 1359 382 1417 accommodatum.
424 1360 471 1431 Et,
493 1360 619 1431 hercule,
640 1359 738 1417 omnia
756 1359 829 1430 haec,
848 1378 911 1434 quae
927 1366 957 1415 lo

128 1454 256 1511 amede
277 1454 387 1511 facetiis
408 1456 598 1531 disputantur,
613 1474 672 1511 non
692 1455 800 1529 majora
820 1454 912 1511 foren-

127 1550 200 1607 sium
217 1550 370 1621 actionum‚
385 1570 468 1626 quarn
483 1552 612 1607 omniurn
626 1569 798 1620 sermonum,
813 1550 912 1607 condi·

127 1656 225 1703 menta
250 1656 324 1705 sunt.
373 1646 460 1717 Nam,
487 1647 563 1723 quod
590 1635 664 1721 apud
692 1646 831 1705 Catonem
857 1656 909 1716 cst,

127 1744 175 1819 qui
195 1743 284 1801 multa
303 1743 409 1816 retulit,
423 1744 577 1820 exquibus
591 1763 608 1802 a
620 1764 666 1802 me
680 1744 801 1820 exempli
822 1743 910 1802 causd

126 1840 215 1896 multa
241 1850 397 1915 ponuntur,
420 1859 471 1915 per
497 1840 567 1896 mihi
594 1840 698 1897 scitum
727 1841 845 1912 ridetur,
873 1839 907 1898 C.
926 1853 956 1901 15

125 1935 287 1993 Publicium
302 1937 416 1993 solitum
431 1937 537 2005 dicere,
553 1943 571 1969 “
582 1937 612 1994 P.
628 1936 800 1994 Mummium
818 1937 909 1995 cuivis

125 2033 246 2108 tempori
274 2033 417 2090 homiuem
443 2035 534 2090 esse.”
586 2033 637 2090 Sic
663 2034 792 2110 prolecto
812 2053 857 2090 res
877 2053 909 2090 se

126 2129 220 2198 hebet,
235 2130 345 2186 nullum
370 2140 401 2186 ut
424 2130 460 2186 sit
482 2130 546 2185 vitae
570 2139 691 2203 tempus,
716 2129 745 2186 in
770 2148 827 2203 quo
850 2147 908 2185 non

126 2226 227 2284 deceat
241 2226 365 2301 leporem
381 2226 643 2298 humanitatemque
657 2225 770 2283 versari.

165 2323 223 2380 Sed
251 2321 338 2378 redeo
365 2321 400 2378 ad
427 2333 530 2378 cetera.
584 2319 636 2376 Est
663 2319 731 2378 huic
757 2320 909 2379 finitimum
924 2335 955 2385 20

125 2417 355 2488 dissimulationi,
383 2436 450 2474 cum
477 2417 599 2474 honesto
625 2418 711 2475 verbo
737 2417 838 2476 vitiosa
864 2437 910 2475 res
936 2468 939 2479 .

127 2514 298 2592 appellatum
337 2524 368 2571 ut
401 2531 468 2571 cum
501 2513 658 2570 Africanus
694 2532 796 2571 censor
832 2515 909 2572 tribu

114 2612 257 2668 ‘movebat
277 2630 343 2668 eurn
364 2609 573 2682 centurionem,
590 2610 639 2685 qui
659 2611 689 2667 in
709 2610 792 2668 Peuli
812 2610 909 2688 pugni

125 2727 184 2764 non
206 2707 333 2779 affuerat,
347 2725 413 2764 cum
435 2705 527 2762 illese
542 2706 679 2762 custodiae
700 2707 787 2763 causei
801 2706 910 2764 diceret

112 2803 155 2862 ,in
184 2804 285 2860 castris
311 2803 490 2874 remansisse,
518 2812 712 2877 quaereretque
739 2822 791 2859 cur
816 2803 851 2860 ab
874 2821 910 2860 eo
924 2817 956 2867 25

126 2910 272 2958 notaretur
280 2919 288 2970 ;
316 2898 414 2956 “Non
439 2900 531 2970 amo,'’
554 2898 655 2973 inquit,
677 2898 826 2956 “nimium
847 2899 910 2956 dili·

127 2997 269 3073 gentes.”'

166 3093 294 3150 Acutum
327 3091 413 3151 etiam
447 3091 517 3152 illud
550 3101 604 3164 est,
631 3110 699 3152 cum
731 3093 768 3150 dx
794 3091 910 3148 alterius
