2167 3525
163 229 219 289 144
478 242 521 289 m:
542 208 705 289 ommam
892 238 987 299 [um.

206 388 241 447 iis
266 408 328 467 quae
354 390 468 469 propria
493 401 559 449 eunt
585 399 614 449 et
640 399 719 447 certa
745 388 825 464 quasi
846 387 988 445 voeabula

1066 366 1069 436 ¹

205 477 309 558 rerum,
322 506 403 562 paene
423 487 481 545 und
501 497 569 547 nata
588 506 653 545 uum
674 485 759 543 rebus
778 483 861 561 ipsiu;
884 493 933 541 aut
950 484 987 541 iia
1067 477 1068 490 ¹

205 601 266 658 que
287 582 503 654 transferuutur,
517 593 547 641 et
565 582 645 659 quasi
665 581 759 641 alieno
773 581 802 639 in
815 581 879 639 loeo
899 580 986 638 eollo-

205 688 322 750 eantm;
354 690 403 738 aut
426 678 460 737 iis
483 699 546 755 quae
569 696 705 736 novamus
727 688 757 735 et
780 677 900 735 facimus
922 676 985 752 ipsi.

175 782 190 829 5
205 772 240 831 Iu
259 776 380 852 propriis
400 786 443 833 est
462 776 550 853 igitur
564 775 657 833 verbis
674 774 722 832 illa
734 773 797 831 laus
811 773 940 844 oratoris,
954 784 990 847 ut,

206 871 317 947 abjecta
337 882 421 945 atque
441 870 571 929 obsoleta
590 870 690 949 fugiat,
703 870 786 927 lectis
807 866 890 945 aitque
910 869 985 927 illuu-

202 966 295 1024 tribus
325 976 429 1039 utetur,
457 967 487 1024 in
513 967 616 1043 quibua
648 967 763 1043 plenum
796 966 931 1041 quiddam
957 976 985 1023 et

204 1076 309 1117 sonans
329 1060 423 1127 inesse
442 1058 578 1119 videatur.
620 1060 688 1133 Sed,
709 1060 738 1118 in
760 1060 815 1117 hou
835 1060 984 1117 verborum

205 1170 310 1229 genere
328 1153 517 1230 propriorum,
536 1154 664 1213 delectus
683 1164 726 1211 est
745 1153 860 1229 quidam
880 1154 985 1210 huben-

160 1254 190 1303 1⁰
206 1247 268 1321 dus,
284 1258 367 1323 atque
383 1248 408 1307 is
429 1249 538 1307 aurium
559 1249 682 1325 quodam
697 1249 809 1325 judicio
827 1249 984 1325 ponderan-

205 1344 274 1415 dus;
301 1344 331 1403 in
351 1362 408 1420 quo
435 1346 612 1405 eonauetudo
638 1346 724 1403 etiam
750 1347 823 1403 bene
849 1345 982 1421 loquendi

205 1440 279 1499 valet
310 1441 472 1517 plurimum.
513 1442 609 1502 Etiam
642 1442 707 1514 hoe,
734 1442 808 1517 quud
837 1442 923 1520 vulgo
949 1443 984 1499 de

206 1538 366 1595 oratoribus
393 1540 427 1595 ab
454 1538 593 1615 imperitis
619 1538 677 1597 diei
709 1538 791 1611 uolet,
818 1543 837 1570 “
847 1539 934 1597 Bonis
960 1540 983 1596 is

205 1634 327 1707 verbiS‚''
353 1644 409 1706 aut,
434 1634 566 1710 “aliquis
592 1653 650 1693 non
676 1635 759 1693 bonis
784 1636 901 1707 utitur,’'
926 1653 983 1693 nou

160 1734 190 1784 15
207 1740 266 1790 arte
287 1730 381 1806 aliqud
399 1732 592 1807 perpenditur,
607 1732 657 1790 sed
677 1732 796 1808 quodam
811 1732 891 1809 quasi
905 1742 983 1791 uatu-

206 1824 259 1883 ruli
271 1843 355 1882 sensu
365 1825 527 1900 judicatur:
549 1825 580 1884 in
593 1845 650 1901 quo
669 1846 726 1884 nou
746 1845 850 1904 magua
866 1827 928 1885 laur
940 1837 983 1885 eat
1073 1884 1074 1891 χ

206 1919 294 1977 vitare
313 1919 412 1996 vitium
432 1920 607 1996 (quanquam
627 1922 657 1978 id
677 1932 720 1980 est
746 1925 911 2002 maguum);
939 1943 983 1982 ve·
1073 1918 1074 1951 ³

205 2034 268 2074 rum
294 2014 350 2072 hue
377 2015 457 2090 quasi
483 2015 575 2074 solum
602 2018 744 2092 quoddam
771 2030 853 2097 atque
885 2020 983 2078 funde·

205 2121 333 2186 mentum
352 2121 404 2184 est,
424 2112 572 2172 verborum
593 2131 661 2171 usus
681 2124 710 2172 et
728 2115 812 2190 eopia
834 2117 981 2174 hunorum.

158 2225 190 2274 ευ
206 2209 263 2270 sed
284 2207 352 2284 quid
373 2208 433 2284 ipse
453 2209 575 2269 aedifieet
595 2220 699 2283 orator,
716 2222 745 2268 et
764 2211 795 2268 iu
815 2231 872 2287 quo
888 2213 983 2290 adjun-

206 2316 254 2384 gat
280 2316 378 2376 artem,
400 2303 429 2362 id
452 2323 515 2363 esse
541 2325 559 2363 a
585 2307 666 2364 uobis
693 2297 874 2383 querendum
901 2319 982 2386 atque

206 2400 404 2478 explicandum
418 2401 537 2460 videtur.

244 2590 416 2650 xxxvru.
447 2591 520 2649 mia
533 2606 599 2652 sunt
613 2595 699 2672 igitur
712 2597 837 2657 iaveruo
850 2584 983 2676 simpuu',

204 2708 267 2768 quae
281 2697 374 2746 orator
389 2689 486 2746 afferat
500 2689 535 2747 ad
550 2689 743 2750 illustrandam
755 2705 838 2769 atque
847 2714 984 2754 exornan-

158 2806 190 2855 ἦ
205 2786 271 2844 dam
297 2784 467 2856 orationem
503 2796 551 2843 eut
583 2787 748 2846 inusitatum
781 2794 907 2864 verbum,
934 2804 984 2851 aut

205 2892 349 2954 novatum,
365 2891 412 2938 aut
431 2882 605 2941 translatum.
646 2883 786 2944 Inusitata
804 2898 870 2946 sunt
888 2889 986 2964 prisea

172 3054 178 3068 Ι
206 2979 264 3038 i'ere
285 2997 318 3038 ae
338 2987 456 3050 vetusta,
477 2989 505 3038 et
526 2980 634 3038 abusu
660 2983 817 3057 quotidiani
844 2985 984 3043 sermonis
