2167 3525
156 256 212 316 176
473 269 517 316 nn
537 269 701 316 onerose.
886 267 985 328 [cur.

196 418 355 500 mutatione
371 419 483 498 cptiusl
516 419 617 496 ltaque
633 419 710 476 idem
727 416 878 478 Gracchus
891 416 985 494 (quod

196 525 279 592 potes
305 516 415 588 cudite,
441 515 556 590 Catule,
576 535 612 575 ex
637 515 763 592 Enycino
789 515 893 572 cliente
920 525 982 585 tuo,

195 611 311 670 literato
329 611 456 686 homine,
471 631 557 690 quem
576 631 687 671 servum
704 611 759 670 sibi
772 611 819 669 ille
829 611 931 670 hahuit
945 611 983 668 ad

197 707 409 790 manumlcum
419 707 576 766 eburneold
590 706 691 765 solitus
701 714 744 763 est
756 705 861 762 hahere
875 705 981 777 fistulai,

166 802 247 878 oqui
266 813 354 862 staret
372 803 487 862 occulte
506 812 572 880 post
591 803 695 879 ipsum,
710 821 774 862 curn
796 802 982 861 concionare-

196 910 252 971 tur,
265 899 389 976 peritum
402 899 559 972 hominem,
573 899 622 976 qui
643 899 755 958 inderet
768 898 899 956 celeriter
913 917 981 956 eum

195 1012 308 1066 sonum,
322 1012 379 1071 quo
398 994 479 1054 illum
500 1004 550 1053 aut
569 995 718 1053 remissum
739 994 886 1067 excitaret,
901 1006 982 1053 autc
1051 1034 1053 1039 -

195 1091 379 1150 contentione
404 1101 559 1149 revocaret.
600 1090 718 1163 Audiri,
745 1090 917 1162 mehercule,
937 1090 980 1148 in-

193 1185 255 1264 quit
283 1186 414 1260 Cetulus,
447 1195 476 1244 et
495 1205 572 1264 saepe
591 1205 655 1245 sum
676 1187 830 1244 admiratus
855 1187 980 1246 hominis

149 1289 179 1340 1⁰
195 1301 262 1342 cum
281 1283 546 1362 diligentiam,'tum
565 1283 651 1342 etiam
672 1283 831 1356 doctrinam
845 1292 874 1341 et
885 1284 979 1344 scien.

194 1380 272 1438 tiam
312 1379 377 1458 Ego
395 1398 475 1453 roro,
495 1380 588 1456 iuquit
608 1379 739 1454 Crassus,
760 1399 795 1438 ac
814 1380 899 1438 doleo
918 1380 979 1457 qni·

194 1477 270 1549 dem,
285 1476 349 1535 illos
362 1477 438 1534 viros
451 1476 482 1534 in
495 1495 559 1535 eam
574 1476 701 1535 fraudem
713 1477 742 1534 in
753 1475 902 1552 republicd
915 1495 978 1534 esse

193 1571 341 1648 delapsos:
362 1589 524 1646 quanquam
541 1589 576 1630 ea
588 1571 646 1629 tela
658 1571 773 1642 texitur,
788 1583 817 1628 et
830 1589 865 1628 ea
878 1570 978 1628 incita-

193 1677 240 1724 tur
254 1666 417 1742 incivitate
429 1667 503 1725 ratio
516 1666 641 1738 vivendi,
656 1684 691 1724 ac
709 1665 867 1742 posteritati
885 1675 977 1724 ceten-

147 1768 179 1818 ld
192 1760 279 1833 ditur,
294 1771 326 1819 ut
345 1779 445 1820 eorum
465 1760 582 1835 civium,
603 1780 675 1837 quos
697 1760 787 1819 nostri
806 1770 900 1837 putres
920 1780 978 1823 non

192 1857 406 1933 tolerantiam
428 1857 537 1916 similes
557 1857 663 1915 habere
683 1857 839 1935 cupiamus.
880 1856 976 1929 Mitte,
1073 1900 1074 1911 2

191 1952 322 2024 obsecro,
335 1952 438 2029 inquit,
453 1951 567 2025 Crasse,
582 1952 687 2024 Julius,
707 1967 866 2037 sermonem
880 1953 976 2027 istum,

191 2059 222 2107 et
240 2059 269 2107 te
289 2048 326 2107 ad
345 2047 472 2107 Gracchi
491 2048 614 2108 fistulam
631 2048 721 2121 refer3
743 2050 825 2128 cujus
838 2069 894 2129 ego
905 2069 977 2109 non-

191 2146 260 2205 dum
273 2146 358 2225 plane
371 2145 511 2205 rationem
526 2146 664 2227 intelligo.

144 2340 176 2391 2⁰
230 2338 310 2399 LXI.
342 2338 472 2400 homni
486 2359 567 2413 roce,
582 2340 675 2416 inquit
688 2339 819 2414 Crassus,
834 2342 976 2419 estquod·
1071 2364 1072 2381 ¹

190 2436 257 2493 dam
271 2436 407 2509 medium,
421 2436 472 2493 sed
487 2455 573 2495 suum
588 2436 692 2513 cuique
705 2438 778 2497 voci.
820 2436 900 2498 Hinc
911 2458 976 2519 gra·

191 2530 280 2590 datim
304 2532 459 2591 ascendere
480 2549 580 2591 rocem
596 2533 667 2591 utile
688 2542 717 2592 et
730 2553 817 2595 suove
830 2546 874 2594 est
894 2534 975 2613 (nam

192 2627 370 2705 aprincipic
389 2627 527 2701 clamere,
552 2639 663 2707 agreste
688 2630 824 2707 quiddam
850 2632 918 2713 cst,)
945 2642 977 2691 et

190 2724 267 2783 idem
292 2723 364 2783 illud
390 2724 427 2783 ad
450 2723 620 2787 firmandam
646 2734 689 2785 eet
715 2745 816 2787 vocem
841 2728 975 2789 salutare.

143 2829 176 2879 25
189 2820 303 2879 Deinde
329 2831 374 2879 eet
402 2820 545 2897 quoddam
578 2822 772 2882 contentionis
804 2834 976 2899 extremum,

191 2916 280 2994 (quod
300 2928 396 2978 tamen
416 2918 536 2977 interius
555 2928 608 2991 est,
622 2937 707 2995 quem
721 2921 903 2981 acutissimus
915 2921 976 2981 cle-

190 3014 265 3095 mor)
275 3032 332 3093 quo
345 3024 374 3075 te
386 3014 481 3084 fistula
490 3015 625 3095 progredi
641 3012 728 3103 [uon]
743 3018 817 3079 sinet
838 3027 974 3079 ettamen
