2167 3525
129 263 171 327 74
449 277 492 325 us
513 275 676 324 carrona
887 276 966 323 nn

176 427 275 485 beuter
287 425 365 486 en‘im
377 435 416 499 te,
430 426 579 504 'cognitum
594 425 655 503 jam
668 423 817 496 artificem,
831 422 958 500 aliquan·

176 524 269 600 doque
288 522 509 581 evolutum-illis
529 521 732 600 integumentis
758 520 958 579 dissimulatio-

176 619 221 677 nis
238 629 306 693 tum,
327 618 530 695 nudatumque,
550 618 710 696 perspicio:
730 628 769 691 et,
790 618 867 694 quod
886 616 956 675 milri

175 716 257 789 nihil,
277 726 327 774 aut
346 716 422 792 quod
441 734 500 775 non
520 716 641 775 mulsum
658 714 808 791 relinquis,
828 732 959 790 percom-

146 812 260 873 5vmode
284 813 367 885 lacis,
393 822 493 889 estque
519 812 596 871 mihi·
616 821 744 889 gratum·
789 811 855 869 Jam
881 811 957 869 istuc

176 920 319 986 quantum¹
336 910 389 967 tibi
411 928 479 987 ego
496 908 670 984 reliquerim,
690 908 784 984 inquit
802 908 956 980 Antonius,

175 1005 234 1064 erit
249 1006 286 1063 in
299 1006 350 1065 tul.
368 1015 504 1083 potestate
510 1026 521 1063 .:
542 1006 567 1063 si
580 1005 665 1064 enim*
677 1023 744 1063 rere
764 1023 848 1083 agere
861 1004 957 1063 volue-

175 1101 227 1174 ris,
251 1102 348 1161 omnia
372 1102 425 1161 tibi
450 1102 598 1178 relinqu03
631 1102 677 1160 sia
709 1101 898 1174 dissimulare,
925 1111 957 1159 tu

176 1198 412 1273 quemadmodum
431 1199 476 1257 his
495 1198 663 1271 satisfacias,
683 1198 795 1258 videris.
836 1199 957 1270 Sed-ut

131 1296 167 1359 1,
176 1294 220 1353 ad·
238 1313 299 1355 rem
324 1296 448 1368 redeam,
472 1314 533 1353 aon
566 1314 630 1353 sum
654 1305 735 1353 tanto
759 1314 834 1373 ego,
854 1294 956 1371 inquit,

175 1390 301 1470 ingenio,
315 1402 423 1468 quanto
442 1391 655 1451 Themistocles
674 1391 737 1464 fuit,
755 1402 787 1449 ut
806 1391 957 1450 oblivionis

178 1498 276 1561 artem,
296 1498 386 1564 quam
401 1488 556 1561 memoria,
576 1488 689 1547 malim:
712 1488 896 1566 gratiamque
908 1488 958 1547 ha·

179 1584 232 1643 beo
259 1585 401 1644 Simonidi
427 1584 467 1643 illi
494 1585 567 1657 Ceo,
593 1604 677 1663 quem
707 1585 829 1661 primurn
862 1584 958 1643 ferunt

178 1689 266 1739 artem
286 1682 429 1740 memeriae
446 1681 606 1757 protulisse.
647 1681 756 1739 Dicunt
781 1681 869 1753 enim,
889 1700 957 1739 cum

133 1785 163 1836 15
177 1787 303 1836 eoeuaret
314 1778 468 1836 Crannone
482 1778 512 1836 in
525 1776 678 1836 Thessalia
698 1778 862 1837 Simonides
881 1779 956 1855 apud

177 1873 311 1949 Scopam,
328 1874 498 1934 fortunatum
518 1873 664 1932 hominem
682 1884 714 1931 et
731 1875 867 1948 nobilem,
881 1875 958 1934 ceci·

176 1968 319 2046 nissetque
339 1969 369 2026 id
389 1987 514 2042 carmen,
528 1969 603 2044 quod
617 1969 646 2026 iu
660 1987 726 2027 eum
741 1970 911 2046 scripsisset,
925 1971 956 2029 in

177 2084 234 2144 quo
253 2066 351 2140 multa,
372 2067 492 2126 ornandi
519 2067 618 2139 causa,
640 2071 789 2144 petitarum
815 2087 904 2142 more,
925 2070 958 2128 in

177 2163 323 2223 Castorem
350 2164 456 2240 scripta
480 2174 510 2223 et
534 2163 681 2226 Pollucem
712 2163 842 2237 fuissent,
868 2166 956 2224 nimis

130 2259 256 2318 millum
269 2261 383 2318 sordide
397 2260 538 2319 Simonidi
552 2260 667 2333 dixisse,
681 2279 712 2318 se
725 2261 873 2321 dimidium
894 2263 956 2340 ejus

176 2355 213 2428 ei,
228 2356 304 2430 quod
317 2368 417 2433 paetus
430 2367 514 2428 esset,
527 2376 579 2434 pro
592 2357 642 2415 illo
652 2358 791 2430 carmine,
806 2358 954 2429 daturum;

176 2450 316 2526 reliquum
331 2471 347 2510 a
360 2452 419 2510 suis
432 2451 696 2528 Tyndaridisqnos
709 2473 788 2529 reque
800 2454 955 2527 laudasset,

175 2556 293 2622 peteret,
307 2547 331 2604 si
351 2547 378 2606 ei
397 2546 547 2609 videretur.
587 2548 677 2606 Paulo
696 2559 760 2624 post
779 2569 842 2608 esse
860 2551 957 2610 ferunt

175 2643 336 2703 nuntiatum
356 2642 507 2714 Simonidi,
528 2653 560 2700 ut
578 2644 717 2720 prodiret;
738 2644 857 2720 juvenes
878 2658 955 2706 stare

130 2747 162 2796 25
177 2738 213 2796 ad
229 2739 346 2815 januam
366 2738 438 2797 duos
457 2738 604 2815 quosdam,
625 2739 674 2814 qui
692 2756 759 2798 eum
781 2761 955 2819 magnopere

175 2845 342 2894 evocarent:
377 2835 530 2894 surrexisse
564 2835 652 2907 illurn,
685 2837 822 2913 prodisse,
849 2838 955 2899 vidisse

175 2931 335 2989 neminem:
356 2931 412 2989 hoo
426 2931 538 2990 interim
552 2931 644 3008 spatio
657 2933 794 2991 conclave
808 2934 888 3007 illud,
902 2938 954 2995 ubi

176 3027 334 3105 epularetur
355 3029 472 3104 Scopas,
493 3029 670 3087 concidisse:
697 3030 732 3088 ed
751 3029 834 3089 ruini
857 3032 949 3109 ipsum
