2167 3525
101 226 107 239 '
149 232 191 301 nu
470 244 514 293 nn
535 241 698 294 carnosa
890 240 980 303 {an

199 394 260 471 ipse
279 395 416 469 elaborat,
435 412 493 455 uon
513 396 656 473 explicare
673 394 758 456 uobis
776 404 868 457 totum
886 412 979 473 genus

196 490 255 549 hoc
271 491 399 569 jocandi,
419 492 503 568 quale
525 493 573 564 sit,
592 502 622 551 et
640 491 717 549 unde
743 490 881 561 ducatur;
904 476 979 567 'prau-

196 588 294 646 sertim
322 607 388 659 cum
415 597 524 647 tantam
550 588 607 659 sim
633 598 663 645 et
685 586 837 645 utilitatem
860 586 927 645 salis
948 597 978 645 et

197 684 367 743 urbanitatis
403 673 483 743 esse*
502 684 642 743 fateaturl
700 681 781 745 Quid
817 682 852 755 si,
885 683 978 759 inquit

164 780 301 854 clulius,
323 781 460 839 assentior
486 779 616 840 Antonio
642 779 760 850 dicenti,
780 779 888 849 nullum
914 797 978 839 csse

196 887 286 935 artem
312 877 399 937 salisl
452 877 512 937 Hic
538 895 605 936 cum
633 875 779 952 Sulpicius
805 875 976 949 reticuisset,

195 971 289 1035 Quasi
310 992 386 1045 vero,
406 974 500 1049 inquit
519 974 650 1044 Crassus,
670 972 771 1031 horum
791 972 927 1048 ipsorum,
940 973 977 1031 de

191 1070 299 1145 quibus
319 1070 464 1129 Antonius
487 1069 596 1148 jamdiu
616 1068 752 1145 loquitur,
773 1087 819 1127 ars
845 1069 904 1127 ulla
929 1069 975 1128 sit.

196 1165 366 1226 Observatio
393 1167 521 1242 quedam
548 1178 601 1238 est,
628 1176 661 1223 ut
687 1166 747 1242 ipse
772 1165 854 1241 dixsit,
878 1184 975 1224 eamnr

149 1270 182 1319 tt>
195 1280 300 1335 rerum,
314 1282 376 1340 quae
396 1264 426 1322 iu
447 1263 572 1321 dicendo
591 1262 701 1333 valent;
722 1282 785 1338 quae
805 1262 830 1321 si
843 1262 976 1337 eloquen-

195 1369 238 1417 tes
260 1346 366 1419 ‘facere
398 1370 501 1435 posset,
529 1359 593 1435 quis
624 1369 700 1417 esset
731 1377 791 1417 nou
821 1358 975 1434 eloquensl

194 1455 272 1518 Quis
292 1456 368 1515 euim
389 1456 451 1515 haec
470 1475 529 1513 non
550 1455 594 1513 ael
613 1455 708 1527 facile,
721 1455 766 1513 rel
782 1464 860 1513 certe
880 1453 975 1530 aliquo

192 1553 290 1625 modo,
310 1563 406 1629 posset
428 1553 577 1611 edisceret
630 1552 689 1609 Sed
714 1570 769 1629 ego
788 1551 819 1611 in
838 1551 883 1609 his
899 1570 975 1634 ¹pras·

194 1648 285 1723 ceptis
300 1648 375 1707 hauc
389 1648 445 1705 vim
459 1658 487 1707 et
501 1650 577 1707 hanc
596 1648 747 1707 utilitatem
767 1665 830 1705 esse
846 1647 974 1720 arbitror,

148 1752 179 1802 15
194 1762 252 1801 non
285 1753 317 1802 ut
350 1744 385 1801 ad
418 1744 626 1820 reperiendum,
653 1742 722 1817 quid
749 1741 888 1816 dicamus,
915 1754 974 1807 arte

191 1839 341 1910 ducamur,
362 1840 413 1898 sed
440 1850 471 1898 ut
494 1858 537 1910 ea,
558 1857 621 1914 quae
647 1839 758 1910 uaturi,
779 1857 842 1914 quae
868 1840 973 1912 studio,
1071 1866 1072 1885 t

193 1953 255 2012 que
276 1935 479 1993 exercitatione
507 1933 718 2008 consequimur,
739 1944 787 1992 aut
807 1944 887 1994 rectu
911 1955 974 1994 esse

193 2031 381 2104 confidamus,
403 2040 451 2089 aut
476 2048 564 2106 prava
589 2029 790 2106 intelligamus,
817 2049 894 2104 cum,
916 2051 974 2109 quo

193 2128 343 2190 reserenda
359 2128 425 2199 sint,
440 2126 633 2186 didicerimus.
672 2125 784 2198 Quare,
798 2127 905 2201 Caesar,
918 2147 974 2207 ego

146 2235 179 2288 au
194 2245 306 2303 quoque
320 2245 337 2284 a
350 2235 378 2283 te
392 2225 448 2284 hoc
461 2235 537 2301 peto,
551 2233 593 2295 ut,
606 2223 633 2281 si
645 2223 698 2282 tibi
713 2223 833 2296 videtur,
847 2224 974 2302 disputes
1071 2220 1072 2229 ’

194 2322 231 2380 de
245 2322 299 2380 hoc
312 2332 374 2380 toto
388 2321 506 2398 jocandi
525 2339 641 2397 genere,
655 2320 723 2394 quid
737 2321 853 2392 sentias,
867 2340 973 2397 nequa

194 2417 265 2477 forte
285 2417 400 2477 dicendi
419 2436 494 2492 pars,
509 2416 643 2490 quoniam
664 2416 703 2473 ita
721 2416 861 2487 voluistis,
874 2416 904 2474 iu
918 2417 973 2476 hcc

193 2514 244 2578 tali
265 2524 350 2585 coetu,
366 2523 450 2587 atque
470 2512 499 2570 iu
519 2522 577 2569 tam
598 2522 733 2569 accurato
751 2529 892 2584 sermone,
905 2531 973 2589 prae·

195 2611 280 2670 terite
299 2607 361 2668 es'sc
380 2608 515 2666 videatur.
558 2606 623 2684 Ego
636 2625 713 2679 aero,
727 2607 819 2683 inquit
833 2607 891 2680 ille,
904 2627 973 2684 quo·

104 2701 106 2706 ’
146 2720 178 2772 25
194 2707 271 2769 niam
298 2705 448 2764 collectum
468 2723 485 2762 e
505 2703 635 2775 convivi,
662 2703 775 2776 Crasse,
795 2703 895 2781 exigis,
915 2724 972 2764 nou

194 2802 380 2882 committam,
401 2811 442 2875 ut,
462 2800 487 2859 si
506 2799 675 2880 defugerim,
701 2799 754 2858 tibi
781 2819 897 2861 causam
923 2801 974 2861 uli·

194 2917 280 2976 quam
306 2899 371 2962 dem
397 2898 565 2959 recusandi:
597 2915 759 2975 quanquam
785 2897 865 2961 soleo
897 2917 973 2976 saepe

190 2997 291 3063 mirri
311 3015 410 3060 corum
429 2995 645 3074 impudentiam,
658 2994 708 3072 qui
728 3004 817 3078 agunt
835 2994 866 3058 in
884 2996 972 3066 secut
