2167 3525
95 269 174 335 nni
374 272 417 321 on
438 273 604 325 carrona
887 264 925 327 m

85 412 321 483 'mmsuetudinis
345 421 438 499 enpi3,
463 440 519 495 me,
539 440 592 500 pro
616 440 682 481 meo
706 420 807 494 soddi,
826 420 878 499 qui

93 518 165 577 inihi
179 516 343 577 inliberrim
357 518 421 577 loco
435 536 514 576 more
525 519 663 595 majorum
673 536 736 577 esse
748 519 877 592 deberet,

8 682 10 705 J
93 624 123 673 et
135 632 189 691 pro
203 613 270 671 med·
277 614 357 672 omni
377 614 453 671 samii
472 632 561 690 prope
579 613 766 689 fortunisque,
779 615 879 673 decer·

93 728 180 782 nere;
213 710 283 769 nihil
318 710 387 769 milti
416 710 451 769 ad
483 710 723 769 existimationem
756 711 877 787 turpius,

95 804 165 865 nihil
180 805 215 865 ad
233 807 361 865 dolorem
383 808 514 865 acerbius
535 807 667 865 accidere
686 826 780 883 posse,
792 820 908 883 quatuo

94 902 119 961 si
133 902 166 974 is,
180 902 230 979 qui
242 922 318 979 sepe
332 903 514 961 alienissimis
528 922 545 961 a
558 922 614 975 me,
626 904 677 970 sed
691 904 764 961 meis
781 914 878 961 tamen

95 999 227 1073 civibus,·
241 1000 326 1058 saluti
358 1000 534 1057 existimarer
567 1000 665 1073 fuisse,
691 1000 783 1059 sodali
813 1018 879 1059 meo

96 1096 231 1155 auxilium
252 1097 326 1153 ferre
346 1114 402 1153 non
420 1096 585 1171 potuissem.
625 1079 761 1155 Petebam
777 1096 878 1173 ajudi·

95 1192 186 1265 cibus,
201 1192 317 1255 utillud
336 1192 412 1255 oetoti
427 1211 507 1263 meae,
522 1203 554 1250 ut
566 1193 733 1264 honoribus,
747 1202 780 1251 ut
791 1193 878 1251 rebus

95 1289 192 1366 gestis,
213 1289 237 1347 si
255 1289 340 1366 justo,
361 1289 386 1346 si
405 1290 454 1364 pio
474 1289 574 1347 dolore
593 1308 640 1347 rne
659 1308 723 1347 esse
743 1290 876 1348 affectum
892 1299 924 1351 ro

96 1384 233 1457 viderent,
261 1386 469 1455 concederent3
504 1385 659 1460 prasertim
693 1384 718 1441 si
751 1385 780 1441 in
814 1384 878 1443 aliis

94 1481 190 1539 causis
210 1480 424 1551 intellexissent,
439 1481 536 1537 omnia
555 1499 602 1537 me
621 1498 732 1553 semper
745 1498 796 1555 pro
810 1478 879 1535 ami·

94 1594 196 1635 corum
215 1576 361 1651 periculis,
381 1576 451 1633 nihil
474 1594 598 1649 unquam
618 1594 672 1650 pro
691 1575 810 1650 meipso,
829 1574 879 1633 de-

93 1680 253 1749 precatum.
308 1672 368 1743 Sic,
390 1672 418 1729 in
440 1672 490 1729 illd
509 1672 588 1732 omni
608 1672 773 1730 defensioue
793 1681 877 1747 atque

95 1770 193 1842 causi,
214 1769 289 1845 quod
310 1787 373 1826 esse
394 1769 423 1826 in
445 1780 504 1828 arte
523 1770 648 1844 positum
668 1770 825 1841 videbatur,
845 1779 877 1826 ut
892 1777 923 1828 15

96 1865 131 1924 da
144 1865 209 1942 lege
222 1865 346 1940 Apuleiia
366 1865 502 1936 dicerem,
517 1873 558 1936 ut,
573 1866 640 1940 quid
660 1876 735 1924 esset
747 1865 876 1924 minuere

96 1961 281 2038 majestatem,
302 1961 483 2036 explicarem,
503 1979 639 2038 perquam
667 1962 788 2020 breviter
814 1980 878 2038 per·

96 2057 195 2116 strinxi
221 2068 304 2132 atque
328 2058 416 2134 attigi.
459 2057 513 2115 His
537 2058 649 2116 duabus
669 2057 796 2132 partibus
816 2075 879 2115 ora·

96 2153 192 2225 tionis,
207 2171 324 2228 quarum
340 2153 427 2211 oltera
441 2153 664 2210 concitationem
680 2154 776 2224 habet,
790 2151 879 2210 altera

98 2249 385 2320 commendationem,
400 2269 462 2323 quae
483 2248 600 2306 minime
613 2247 761 2324 preceptis
776 2247 877 2306 artium
891 2252 925 2304 w

98 2354 164 2404 sunt
182 2345 338 2421 perpolita,
352 2344 445 2404 omnis
465 2355 508 2402 est
523 2363 539 2400 a
552 2362 599 2400 me
612 2343 663 2401 illa
675 2362 762 2402 causa
776 2354 879 2402 tracta·

97 2451 136 2516 ta,
149 2451 182 2502 ut
194 2440 435 2516 tet-acerrimusssn
451 2439 596 2517 Caepionis
616 2439 723 2498 iuridici
741 2459 879 2498 renovan-

4 2569 6 2584 ι
98 2538 145 2610 dt,
165 2547 195 2596 et
215 2537 244 2595 in
264 2536 336 2596 meis
355 2537 479 2595 moribus
506 2554 575 2613 erga
600 2555 681 2594 meos
702 2536 879 2595 necessarios

98 2633 277 2694 declarandis
297 2633 550 2703 mansuetissimus,
565 2632 682 2691 viderer.
724 2631 769 2690 Ita
788 2631 879 2708 magis

98 2730 210 2790 affectis
229 2728 331 2788 animis
347 2729 488 2805 judicum,
507 2747 594 2804 quam
613 2728 716 2801 doctis,
736 2739 795 2801 tua,
815 2726 879 2786 Sul·
893 2735 926 2788 ts

96 2827 166 2906 pici,
180 2835 224 2886 est
238 2825 425 2887 ariobistum
439 2825 586 2886 accusatio
599 2824 683 2884 uicta

137 3018 171 3080 L
201 3018 262 3080 Hic
297 3018 453 3095 Sulpicius,
489 3018 578 3092 Vere,
613 3017 741 3094 hercule,
775 2968 878 3096 iuquit,

178 3133 242 3175 ror..
257 3133 288 3176 ιι.
409 3115 429 3174 2
