2167 3525
120 270 180 342 1502
230 300 233 306 ·
436 297 480 344 na
500 295 662 344 onan-orn.
851 295 943 354 [um

204 441 237 500 la
268 442 418 503 Clausulas
438 455 532 504 autem
552 445 716 523 diligentius
734 443 818 502 etiam
832 461 944 500 servan·

166 535 217 594 das
235 556 298 595 esse
319 539 448 614 arbitror,
466 560 552 616 quam
572 541 727 617 superiora,
753 539 828 615 quod
850 539 880 596 in
899 539 945 596 his

164 633 287 693 maxime
296 637 436 712 perfectio
448 647 533 713 atque
548 637 687 696 absolutio
697 637 857 714 judicatur:
878 655 945 693 nam

165 731 263 789 vernis
286 750 366 808 aque
387 734 487 809 prima,
508 744 537 791 et
557 733 660 805 media,
680 743 709 791 et
732 742 857 790 extrema
880 751 945 808 pars

135 827 336 899 tattenditur3
369 828 417 903 qui
447 829 621 902 debititstur,
649 830 679 887 in
705 829 883 905 quicumque
909 827 946 887 sit

164 934 245 1000 parte
277 925 446 983 titubatun:
487 925 517 982 iu
554 926 683 984 oratione
717 936 820 997 autem,
853 924 946 1000 prima

71 1009 75 1017 ’
165 1020 250 1096 pauei
264 1031 395 1094 eernunt,
408 1031 551 1098 postrema
562 1022 706 1099 plerique:
727 1039 798 1098 qun,
812 1020 945 1096 quoniam

166 1126 303 1192 apparent
321 1127 351 1175 et
370 1117 577 1195 intelliguntur,
591 1117 725 1176 varianda
745 1127 820 1189 sunt,
840 1135 877 1174 ne
898 1125 946 1173 aut

167 1213 326 1270 animorum
341 1213 459 1290 judiciis
471 1215 666 1291 repudientur,
681 1224 729 1272 aut
742 1212 850 1271 aurium
865 1211 947 1270 satie·

57 1329 66 1344 ·
122 1311 154 1360 1⁰
166 1318 233 1367 tate.
273 1309 341 1368 Duo
365 1310 444 1368 enim
477 1320 525 1368 aut
551 1319 609 1369 tres
641 1320 706 1368 sunt
738 1309 797 1368 fere
829 1309 946 1367 extremi

167 1406 298 1464 servandi
311 1416 340 1464 et
352 1407 471 1464 notandi
489 1406 587 1483 pedes,
601 1407 625 1464 si
639 1408 724 1464 modo
744 1425 802 1464 non
817 1406 947 1463 breviora

168 1511 198 1560 et
216 1503 336 1578 praeisa
354 1513 439 1562 erunt
460 1504 623 1580 superiora;
654 1521 724 1578 quos
748 1513 796 1560 aut
818 1503 946 1573 choreus,

169 1609 218 1657 aut
237 1599 349 1672 heroos,
370 1609 419 1658 aut
440 1600 563 1658 alternos
589 1617 651 1658 esse
678 1599 828 1676 oportebit,
849 1599 946 1657 autin

167 1713 267 1773 psone
287 1695 337 1754 ilio
355 1697 522 1773 posteriore,
544 1713 627 1773 quem
648 1695 816 1754 Aristoteles
837 1697 946 1772 probat,

124 1800 156 1851 tt
169 1800 219 1849 aut
237 1792 265 1849 ei
285 1792 346 1869 pari
366 1794 482 1852 eretieo.
529 1792 642 1850 Horum
662 1792 872 1849 vinissitudines
891 1792 948 1849 effi·
968 1806 970 1810 '

169 1887 257 1958 eiont,
271 1896 304 1945 ut
315 1906 408 1963 neque
427 1889 447 1945 ii
466 1888 615 1959 satientur,
629 1888 678 1963 qui
695 1889 820 1960 audient,
835 1888 948 1946 fastidio

169 1981 373 2055 similitudinis,
393 2001 449 2040 nee
467 2002 521 2041 nos
540 1984 580 2056 id,
601 1983 677 2059 quod
698 1984 845 2056 satiemus,
862 1984 948 2061 operi

170 2078 267 2137 deditt
279 2078 374 2137 faeere
386 2078 541 2136 ridemur.
790 2062 794 2067 ¹

207 2175 297 2238 Quod
323 2176 348 2233 si
374 2175 525 2252 Antipater
553 2176 602 2234 ilie
628 2176 774 2249 Sidonius,
801 2194 886 2253 quern
918 2187 950 2235 tu

123 2273 269 2350 mprobe,
302 2273 415 2345 Catule,
448 2273 614 2346 meministi,
647 2272 745 2331 solitus
778 2284 821 2331 est
854 2292 951 2331 versus

171 2370 350 2427 hexametros
370 2369 495 2445 aliosque
506 2370 593 2427 variis
611 2370 702 2428 modis
723 2380 805 2445 atque
825 2358 951 2428 numeris

172 2464 290 2522 fundere
303 2482 339 2521 ea
352 2451 489 2539 tempore,
500 2475 666 2542 tantumque
676 2466 799 2525 hominis
810 2466 952 2544 ingeniosi

173 2578 208 2618 ae
220 2559 355 2616 memoris
367 2559 455 2616 raiuit
474 2562 649 2635 exercitatio,
663 2572 704 2634 ut,
720 2581 785 2620 eum
805 2582 836 2621 se
857 2572 953 2621 mente

173 2674 208 2714 ae
221 2654 364 2713 voluntate
383 2654 555 2730 eonjeeisset
568 2657 598 2715 in
611 2676 733 2731 versum,
747 2661 833 2717 verba
853 2678 953 2734 seque·

125 2764 159 2815 ἤ
170 2762 284 2823 rentur3
305 2759 411 2826 quanto
430 2750 460 2808 id
480 2746 594 2811 faoilius
613 2754 644 2812 in
664 2755 802 2827 oratione,
817 2756 955 2814 exercita·

172 2846 251 2905 tione
263 2857 293 2905 et
306 2846 514 2905 consuetudins
528 2848 664 2920 adhibita,
679 2852 907 2925 eonsequemuri

211 2940 286 2998 iliud
307 2952 401 2999 autern
420 2958 458 2999 ne
475 2945 539 3020 quis
553 2932 716 3018 admiretur,
730 2964 852 3022 quonam
866 2948 955 3006 modo

171 3038 235 3097 hue
247 3038 349 3115 vulgus
361 3037 555 3113 imperitomm
568 3039 599 3097 iu
613 3041 756 3101 audiendo
769 3052 864 3114 notet3
885 3062 955 3101 eum
