2167 3525
123 248 203 311 nn]
404 252 447 301 on
466 252 631 301 unisona.
910 242 951 304 tt

121 398 252 458 ornatius
271 398 386 459 dicendi
406 420 497 479 genus
516 402 665 484 excitetur.
709 400 807 461 Habet
825 400 905 460 enim

121 495 276 553 multitudo
307 496 364 555 rim
396 499 538 573 quandam
572 499 669 570 talem,
702 507 744 571 ut,
771 498 904 574 quemad·

121 590 240 651 modum
266 592 373 653 tibicen
399 594 462 653 siue
487 594 567 655 tibiis
593 612 707 667 canere,
731 594 774 653 sio
798 604 904 668 orator,

121 686 186 746 sine
212 690 392 749 multitudine
424 691 568 763 audiente,
595 692 731 767 eloquens
756 710 818 749 esse
844 711 904 751 non

120 784 219 859 possit.
267 784 305 843 Et
328 804 395 845 oum
418 786 476 847 siut
494 787 650 865 ¹populares
672 788 754 847 multi
778 788 933 864 variiques

120 878 226 956 lapsus,
250 882 366 942 vitanda
389 893 432 941 cat
456 884 625 943 acclamatio
650 885 766 943 adversa
788 885 902 963 popoli;

120 996 183 1053 quae
207 989 255 1036 aut
278 980 417 1040 orationis
440 991 560 1056 peccato
584 982 678 1058 aliquo
703 982 854 1055 excitatur,
877 982 903 1041 si

122 1092 229 1150 aspere,
249 1075 274 1133 si
295 1087 470 1153 arroganter,
490 1078 515 1135 si
537 1078 667 1153 turpiter,
687 1079 713 1137 si
734 1078 859 1149 sordide,
878 1078 904 1136 si

120 1190 231 1247 quoquo
246 1172 333 1231 animi
347 1172 425 1245 nitio,
437 1173 546 1231 dictum
560 1192 623 1232 esse
638 1174 745 1250 aliquid
759 1175 902 1245 videatur,

122 1277 170 1325 aut
194 1267 341 1327 hominum
368 1270 526 1328 offensione
552 1270 596 1327 vel
623 1270 741 1343 invidia,
765 1289 827 1345 quc
855 1280 905 1328 aut
918 1285 949 1337 ιο

117 1362 195 1440 justa
215 1373 269 1434 est,
284 1374 332 1421 aut
353 1382 388 1423 cx
409 1365 609 1423 criminatione
630 1376 715 1440 atqua
736 1365 828 1436 samii,
856 1375 905 1423 aut

119 1478 167 1519 res
188 1458 213 1517 si
233 1460 380 1535 displiceo
403 1474 452 1518 aut
471 1461 495 1519 si
517 1473 562 1517 est
582 1461 612 1518 in
634 1461 728 1535 aliquo
748 1470 828 1518 motu
845 1480 904 1521 sum

120 1555 287 1631 cupiditatis
314 1566 362 1613 aut
388 1556 481 1615 metris
502 1556 663 1614 multitudo.
704 1556 815 1633 Hisque
837 1576 904 1633 qua·

119 1661 186 1710 tuor
207 1652 301 1711 causis
321 1652 440 1711 totidem
460 1651 611 1711 medicine
624 1663 821 1729 opponuntur:
842 1663 903 1713 tum

118 1748 291 1827 objurgatio,
319 1749 345 1808 si
370 1760 413 1808 est
440 1750 610 1821 auctoritas;
644 1759 704 1808 tum
736 1750 901 1824 admonitio,
917 1765 948 1817 15

118 1846 201 1922 quasi
221 1846 312 1905 lenior
332 1848 508 1925 objurgati03
530 1857 590 1907 tum
609 1847 771 1922 promissio,
785 1847 810 1904 si
825 1847 903 1906 audi·

118 1943 203 2015 erint,
229 1944 411 2019 probaturos:
446 1955 505 2003 tum
540 1944 705 2020 deprecatio
712 1965 720 2014 ;
754 1945 831 2019 quod
858 1954 903 2004 est

118 2038 258 2112 infimum,
279 2041 329 2098 sed
349 2059 552 2116 nonnunquam
572 2041 651 2100 utile.
695 2040 785 2101 Nullo
806 2051 902 2102 autem

117 2135 185 2194 loco
204 2136 266 2213 plus
287 2137 396 2196 facetia
417 2147 544 2213 prosunt,
558 2146 588 2194 et
607 2135 749 2206 celeritas,
768 2146 797 2193 et
817 2136 902 2193 breve

119 2231 235 2306 aliquod
267 2233 386 2305 dictum,
414 2251 469 2291 neo
502 2232 565 2289 sine
597 2231 747 2308 dignitate,
774 2243 803 2288 et
836 2244 947 2298 cumo]

118 2328 223 2404 lepore.
265 2328 347 2388 Nihil
361 2328 438 2387 enim
452 2338 510 2386 tam
525 2327 619 2398 facile,
634 2346 719 2402 quam
739 2327 904 2400 multitudo,

120 2443 137 2482 a
157 2425 280 2497 tristitid,
299 2435 328 2483 et
347 2443 422 2502 sepe
443 2425 477 2482 ab
499 2423 664 2496 acerbitate,
685 2424 846 2497 commode,
866 2440 902 2484 ac

120 2521 250 2594 breviter,
265 2533 294 2580 et
307 2532 401 2594 acute,
415 2531 444 2580 et
457 2521 547 2580 hilare
560 2520 639 2579 dicto
652 2520 812 2579 deducitur.

158 2713 326 2774 LXXXIV.
358 2713 484 2789 Exposui
507 2713 576 2785 sere,
597 2723 630 2770 ut
648 2711 739 2788 potui,
760 2712 851 2784 vobis,
871 2710 901 2772 in

118 2822 240 2887 utroque
266 2829 371 2888 genere
398 2829 548 2868 causarum
575 2828 638 2884 qua
664 2809 745 2884 sequi
771 2809 946 2882 soleremus

118 2927 182 2983 qum
208 2908 317 2984 fugere,
339 2925 400 2981 que
427 2917 567 2981 spectare,
588 2905 701 2980 quique
727 2905 846 2962 omnino
872 2906 902 2963 in

119 3003 216 3062 causis
233 3003 343 3062 ratione
361 3002 483 3061 versari:
515 3001 582 3060 Nec
595 3000 665 3058 illud
678 3001 794 3059 tertium
806 3000 903 3058 lauda·
