<?xml version="1.0" encoding="UTF-8"?>
<!DOCTYPE html PUBLIC "-//W3C//DTD XHTML 1.0 Transitional//EN"
    "http://www.w3.org/TR/xhtml1/DTD/xhtml1-transitional.dtd">
<html xmlns="http://www.w3.org/1999/xhtml" xml:lang="en" lang="en">
 <head>
  <title>
</title>
<meta http-equiv="Content-Type" content="text/html;charset=utf-8" />
  <meta name='ocr-system' content='tesseract 3.04.00' />
  <meta name='ocr-capabilities' content='ocr_page ocr_carea ocr_par ocr_line ocrx_word'/>
</head>
<body>
  <div class='ocr_page' id='page_1' title='image "./mtciceronisadqu03dillgoog_0044.png"; bbox 0 0 2167 3525; ppageno 0'>
   <div class='ocr_carea' id='block_1_1' title="bbox 128 284 953 353">
    <p class='ocr_par' dir='ltr' id='par_1_1' title="bbox 128 284 953 353">
     <span class='ocr_line' id='line_1_1' title="bbox 128 284 953 353; baseline 0.005 -15"><span class='ocrx_word' id='word_1_1' title='bbox 128 284 167 347; x_wconf 70' lang='lat' dir='ltr'><strong>as</strong></span> <span class='ocrx_word' id='word_1_2' title='bbox 445 290 488 338; x_wconf 84' lang='lat' dir='ltr'><strong>nn</strong></span> <span class='ocrx_word' id='word_1_3' title='bbox 511 290 673 338; x_wconf 81' lang='lat' dir='ltr'><strong>onarons.</strong></span> <span class='ocrx_word' id='word_1_4' title='bbox 874 286 953 353; x_wconf 71' lang='lat' dir='ltr'><strong>tau</strong></span> 
     </span>
    </p>
   </div>
   <div class='ocr_carea' id='block_1_2' title="bbox 102 440 955 2636">
    <p class='ocr_par' dir='ltr' id='par_1_2' title="bbox 102 440 955 2636">
     <span class='ocr_line' id='line_1_2' title="bbox 172 440 953 523; baseline -0.001 -21"><span class='ocrx_word' id='word_1_5' title='bbox 172 440 208 502; x_wconf 91' lang='lat' dir='ltr'><strong>In</strong></span> <span class='ocrx_word' id='word_1_6' title='bbox 228 443 284 502; x_wconf 89' lang='lat' dir='ltr'><strong>hoc</strong></span> <span class='ocrx_word' id='word_1_7' title='bbox 303 458 394 523; x_wconf 81' lang='lat' dir='ltr'><strong>genus</strong></span> <span class='ocrx_word' id='word_1_8' title='bbox 414 442 606 520; x_wconf 84' lang='lat' dir='ltr'><strong>conjiciantur</strong></span> <span class='ocrx_word' id='word_1_9' title='bbox 631 442 797 519; x_wconf 82' lang='lat' dir='ltr'><strong>proverbia;</strong></span> <span class='ocrx_word' id='word_1_10' title='bbox 824 453 857 501; x_wconf 88' lang='lat' dir='ltr'><strong>ut</strong></span> <span class='ocrx_word' id='word_1_11' title='bbox 883 442 953 501; x_wconf 79' lang='lat' dir='ltr'><strong>illud</strong></span> 
     </span>
     <span class='ocr_line' id='line_1_3' title="bbox 173 538 954 617; baseline -0.003 -18"><span class='ocrx_word' id='word_1_12' title='bbox 173 538 328 617; x_wconf 72' lang='lat' dir='ltr'><strong>Scipionis,</strong></span> <span class='ocrx_word' id='word_1_13' title='bbox 343 558 409 599; x_wconf 86' lang='lat' dir='ltr'><strong>cum</strong></span> <span class='ocrx_word' id='word_1_14' title='bbox 422 538 538 599; x_wconf 75' lang='lat' dir='ltr'>Asellus</span> <span class='ocrx_word' id='word_1_15' title='bbox 556 553 657 596; x_wconf 87' lang='lat' dir='ltr'><strong>omnes</strong></span> <span class='ocrx_word' id='word_1_16' title='bbox 675 538 838 615; x_wconf 81' lang='lat' dir='ltr'><strong>provincias</strong></span> <span class='ocrx_word' id='word_1_17' title='bbox 850 539 954 616; x_wconf 83' lang='lat' dir='ltr'><strong>stipen-</strong></span> 
     </span>
     <span class='ocr_line' id='line_1_4' title="bbox 173 634 955 714; baseline -0.001 -19"><span class='ocrx_word' id='word_1_18' title='bbox 173 636 221 695; x_wconf 84' lang='lat' dir='ltr'><strong>dia</strong></span> <span class='ocrx_word' id='word_1_19' title='bbox 239 647 395 695; x_wconf 85' lang='lat' dir='ltr'><strong>merentem</strong></span> <span class='ocrx_word' id='word_1_20' title='bbox 415 648 446 693; x_wconf 84' lang='lat' dir='ltr'><strong>se</strong></span> <span class='ocrx_word' id='word_1_21' title='bbox 465 635 631 712; x_wconf 74' lang='lat' dir='ltr'><strong>peragrlsse</strong></span> <span class='ocrx_word' id='word_1_22' title='bbox 652 634 829 712; x_wconf 82' lang='lat' dir='ltr'><strong>gloriaretur,</strong></span> <span class='ocrx_word' id='word_1_23' title='bbox 844 643 863 670; x_wconf 84' lang='lat'><strong>‘⁴</strong></span> <span class='ocrx_word' id='word_1_24' title='bbox 873 637 955 714; x_wconf 83' lang='lat' dir='ltr'><strong>Agas</strong></span> 
     </span>
     <span class='ocr_line' id='line_1_5' title="bbox 173 730 954 809; baseline -0.003 -17"><span class='ocrx_word' id='word_1_25' title='bbox 173 730 320 805; x_wconf 82' lang='lat' dir='ltr'><strong>asellum,&#39;&#39;</strong></span> <span class='ocrx_word' id='word_1_26' title='bbox 335 744 364 791; x_wconf 85' lang='lat' dir='ltr'><strong>et</strong></span> <span class='ocrx_word' id='word_1_27' title='bbox 377 742 480 791; x_wconf 81' lang='lat' dir='ltr'><strong>cetera.</strong></span> <span class='ocrx_word' id='word_1_28' title='bbox 520 730 622 793; x_wconf 79' lang='lat' dir='ltr'><strong>Quare</strong></span> <span class='ocrx_word' id='word_1_29' title='bbox 635 750 674 789; x_wconf 89' lang='lat' dir='ltr'><strong>ea</strong></span> <span class='ocrx_word' id='word_1_30' title='bbox 685 748 806 808; x_wconf 66' lang='lat' dir='ltr'><strong>qnoqm,</strong></span> <span class='ocrx_word' id='word_1_31' title='bbox 819 732 954 809; x_wconf 82' lang='lat' dir='ltr'><strong>quoniam</strong></span> 
     </span>
     <span class='ocr_line' id='line_1_6' title="bbox 142 828 953 905; baseline 0 -19"><span class='ocrx_word' id='word_1_32' title='bbox 142 830 287 888; x_wconf 75' lang='lat' dir='ltr'><strong>tmutatis</strong></span> <span class='ocrx_word' id='word_1_33' title='bbox 312 829 405 889; x_wconf 79' lang='lat' dir='ltr'><strong>verbis</strong></span> <span class='ocrx_word' id='word_1_34' title='bbox 436 846 496 887; x_wconf 90' lang='lat' dir='ltr'><strong>non</strong></span> <span class='ocrx_word' id='word_1_35' title='bbox 527 839 647 905; x_wconf 76' lang='lat' dir='ltr'><strong>possunt</strong></span> <span class='ocrx_word' id='word_1_36' title='bbox 677 828 801 886; x_wconf 84' lang='lat' dir='ltr'><strong>retinere</strong></span> <span class='ocrx_word' id='word_1_37' title='bbox 832 828 953 886; x_wconf 90' lang='lat' dir='ltr'><strong>eandem</strong></span> 
     </span>
     <span class='ocr_line' id='line_1_7' title="bbox 172 924 954 1002; baseline -0.003 -17"><span class='ocrx_word' id='word_1_38' title='bbox 172 936 359 999; x_wconf 79' lang='lat' dir='ltr'><strong>venustatem,</strong></span> <span class='ocrx_word' id='word_1_39' title='bbox 385 942 444 983; x_wconf 93' lang='lat' dir='ltr'><strong>non</strong></span> <span class='ocrx_word' id='word_1_40' title='bbox 470 924 500 983; x_wconf 91' lang='lat' dir='ltr'><strong>in</strong></span> <span class='ocrx_word' id='word_1_41' title='bbox 527 942 568 996; x_wconf 88' lang='lat' dir='ltr'><strong>re,</strong></span> <span class='ocrx_word' id='word_1_42' title='bbox 596 924 646 982; x_wconf 88' lang='lat' dir='ltr'><strong>sed</strong></span> <span class='ocrx_word' id='word_1_43' title='bbox 674 924 703 982; x_wconf 91' lang='lat' dir='ltr'><strong>in</strong></span> <span class='ocrx_word' id='word_1_44' title='bbox 728 925 832 993; x_wconf 85' lang='lat' dir='ltr'><strong>verbis,</strong></span> <span class='ocrx_word' id='word_1_45' title='bbox 859 924 954 1002; x_wconf 84' lang='lat' dir='ltr'><strong>posita</strong></span> 
     </span>
     <span class='ocr_line' id='line_1_8' title="bbox 173 1022 323 1081; baseline -0.007 -1"><span class='ocrx_word' id='word_1_46' title='bbox 173 1022 323 1081; x_wconf 84' lang='lat' dir='ltr'><strong>ducantur.</strong></span> 
     </span>
     <span class='ocr_line' id='line_1_9' title="bbox 212 1118 953 1194; baseline -0.003 -17"><span class='ocrx_word' id='word_1_47' title='bbox 212 1118 265 1177; x_wconf 84' lang='lat' dir='ltr'><strong>Est</strong></span> <span class='ocrx_word' id='word_1_48' title='bbox 291 1118 377 1176; x_wconf 82' lang='lat' dir='ltr'><strong>etiarn</strong></span> <span class='ocrx_word' id='word_1_49' title='bbox 403 1118 434 1175; x_wconf 92' lang='lat' dir='ltr'><strong>in</strong></span> <span class='ocrx_word' id='word_1_50' title='bbox 461 1118 548 1177; x_wconf 85' lang='lat' dir='ltr'><strong>verbo</strong></span> <span class='ocrx_word' id='word_1_51' title='bbox 572 1118 697 1194; x_wconf 87' lang='lat' dir='ltr'><strong>positum</strong></span> <span class='ocrx_word' id='word_1_52' title='bbox 723 1138 782 1177; x_wconf 92' lang='lat' dir='ltr'><strong>non</strong></span> <span class='ocrx_word' id='word_1_53' title='bbox 815 1118 953 1176; x_wconf 88' lang='lat' dir='ltr'><strong>insulsum</strong></span> 
     </span>
     <span class='ocr_line' id='line_1_10' title="bbox 173 1213 954 1292; baseline 0 -20"><span class='ocrx_word' id='word_1_54' title='bbox 173 1229 274 1292; x_wconf 79' lang='lat' dir='ltr'><strong>genus,</strong></span> <span class='ocrx_word' id='word_1_55' title='bbox 294 1232 330 1272; x_wconf 84' lang='lat' dir='ltr'><strong>ex</strong></span> <span class='ocrx_word' id='word_1_56' title='bbox 349 1232 395 1286; x_wconf 91' lang='lat' dir='ltr'><strong>eo,</strong></span> <span class='ocrx_word' id='word_1_57' title='bbox 416 1232 483 1272; x_wconf 86' lang='lat' dir='ltr'><strong>curn</strong></span> <span class='ocrx_word' id='word_1_58' title='bbox 504 1213 686 1285; x_wconf 81' lang='lat' dir='ltr'><strong>adverbum,</strong></span> <span class='ocrx_word' id='word_1_59' title='bbox 706 1232 765 1271; x_wconf 91' lang='lat' dir='ltr'><strong>non</strong></span> <span class='ocrx_word' id='word_1_60' title='bbox 786 1213 822 1273; x_wconf 82' lang='lat' dir='ltr'><strong>rd</strong></span> <span class='ocrx_word' id='word_1_61' title='bbox 840 1223 954 1272; x_wconf 87' lang='lat' dir='ltr'><strong>senten·</strong></span> 
     </span>
     <span class='ocr_line' id='line_1_11' title="bbox 127 1309 953 1388; baseline -0.006 -16"><span class='ocrx_word' id='word_1_62' title='bbox 127 1322 159 1373; x_wconf 84' lang='lat' dir='ltr'><strong>lo</strong></span> <span class='ocrx_word' id='word_1_63' title='bbox 173 1310 252 1383; x_wconf 83' lang='lat' dir='ltr'><strong>tiam,</strong></span> <span class='ocrx_word' id='word_1_64' title='bbox 265 1328 326 1369; x_wconf 92' lang='lat' dir='ltr'><strong>rem</strong></span> <span class='ocrx_word' id='word_1_65' title='bbox 347 1310 478 1387; x_wconf 84' lang='lat' dir='ltr'><strong>accipere</strong></span> <span class='ocrx_word' id='word_1_66' title='bbox 497 1309 626 1380; x_wconf 81' lang='lat' dir='ltr'><strong>videam3</strong></span> <span class='ocrx_word' id='word_1_67' title='bbox 646 1324 682 1367; x_wconf 80' lang='lat' dir='ltr'><strong>en</strong></span> <span class='ocrx_word' id='word_1_68' title='bbox 695 1325 754 1385; x_wconf 81' lang='lat' dir='ltr'><strong>qno</strong></span> <span class='ocrx_word' id='word_1_69' title='bbox 773 1328 832 1368; x_wconf 89' lang='lat' dir='ltr'><strong>uno</strong></span> <span class='ocrx_word' id='word_1_70' title='bbox 847 1328 953 1388; x_wconf 81' lang='lat' dir='ltr'><strong>genere</strong></span> 
     </span>
     <span class='ocr_line' id='line_1_12' title="bbox 172 1405 951 1482; baseline 0.001 -18"><span class='ocrx_word' id='word_1_71' title='bbox 172 1416 249 1465; x_wconf 88' lang='lat' dir='ltr'><strong>totus</strong></span> <span class='ocrx_word' id='word_1_72' title='bbox 268 1416 312 1465; x_wconf 85' lang='lat' dir='ltr'><strong>est</strong></span> <span class='ocrx_word' id='word_1_73' title='bbox 329 1406 433 1479; x_wconf 84' lang='lat' dir='ltr'><strong>Tutor,</strong></span> <span class='ocrx_word' id='word_1_74' title='bbox 447 1406 552 1464; x_wconf 90' lang='lat' dir='ltr'><strong>mimus</strong></span> <span class='ocrx_word' id='word_1_75' title='bbox 571 1414 661 1478; x_wconf 83' lang='lat' dir='ltr'><strong>retus,</strong></span> <span class='ocrx_word' id='word_1_76' title='bbox 679 1406 785 1482; x_wconf 85' lang='lat' dir='ltr'><strong>oppido</strong></span> <span class='ocrx_word' id='word_1_77' title='bbox 804 1405 951 1465; x_wconf 88' lang='lat' dir='ltr'><strong>ridiculus.</strong></span> 
     </span>
     <span class='ocr_line' id='line_1_13' title="bbox 174 1502 952 1580; baseline -0.003 -19"><span class='ocrx_word' id='word_1_78' title='bbox 174 1503 232 1562; x_wconf 84' lang='lat' dir='ltr'><strong>Sed</strong></span> <span class='ocrx_word' id='word_1_79' title='bbox 247 1503 318 1563; x_wconf 82' lang='lat' dir='ltr'><strong>abeo</strong></span> <span class='ocrx_word' id='word_1_80' title='bbox 332 1522 348 1561; x_wconf 84' lang='lat' dir='ltr'><strong>a</strong></span> <span class='ocrx_word' id='word_1_81' title='bbox 361 1503 472 1561; x_wconf 87' lang='lat' dir='ltr'><strong>mimis:</strong></span> <span class='ocrx_word' id='word_1_82' title='bbox 493 1512 604 1561; x_wconf 86' lang='lat' dir='ltr'><strong>tanturn</strong></span> <span class='ocrx_word' id='word_1_83' title='bbox 623 1520 715 1580; x_wconf 83' lang='lat' dir='ltr'><strong>genus</strong></span> <span class='ocrx_word' id='word_1_84' title='bbox 734 1502 818 1579; x_wconf 85' lang='lat' dir='ltr'><strong>hujus</strong></span> <span class='ocrx_word' id='word_1_85' title='bbox 837 1503 952 1561; x_wconf 82' lang='lat' dir='ltr'><strong>ridiculi</strong></span> 
     </span>
     <span class='ocr_line' id='line_1_14' title="bbox 173 1598 952 1677; baseline -0.001 -21"><span class='ocrx_word' id='word_1_86' title='bbox 173 1598 279 1677; x_wconf 75' lang='lat' dir='ltr'><strong>insigni</strong></span> <span class='ocrx_word' id='word_1_87' title='bbox 294 1600 389 1676; x_wconf 74' lang='lat' dir='ltr'><strong>aliqud</strong></span> <span class='ocrx_word' id='word_1_88' title='bbox 401 1610 430 1657; x_wconf 91' lang='lat' dir='ltr'><strong>et</strong></span> <span class='ocrx_word' id='word_1_89' title='bbox 442 1599 512 1658; x_wconf 74' lang='lat' dir='ltr'><strong>nott</strong></span> <span class='ocrx_word' id='word_1_90' title='bbox 524 1618 556 1657; x_wconf 89' lang='lat' dir='ltr'><strong>re</strong></span> <span class='ocrx_word' id='word_1_91' title='bbox 568 1598 660 1657; x_wconf 84' lang='lat' dir='ltr'><strong>notari</strong></span> <span class='ocrx_word' id='word_1_92' title='bbox 674 1599 744 1657; x_wconf 87' lang='lat' dir='ltr'><strong>volo.</strong></span> <span class='ocrx_word' id='word_1_93' title='bbox 785 1598 838 1656; x_wconf 84' lang='lat' dir='ltr'><strong>Est</strong></span> <span class='ocrx_word' id='word_1_94' title='bbox 858 1612 952 1657; x_wconf 88' lang='lat' dir='ltr'><strong>autem</strong></span> 
     </span>
     <span class='ocr_line' id='line_1_15' title="bbox 173 1694 951 1773; baseline 0.001 -22"><span class='ocrx_word' id='word_1_95' title='bbox 173 1707 208 1751; x_wconf 88' lang='lat' dir='ltr'><strong>ex</strong></span> <span class='ocrx_word' id='word_1_96' title='bbox 228 1694 285 1752; x_wconf 86' lang='lat' dir='ltr'><strong>hoe</strong></span> <span class='ocrx_word' id='word_1_97' title='bbox 303 1710 409 1773; x_wconf 85' lang='lat' dir='ltr'><strong>genere</strong></span> <span class='ocrx_word' id='word_1_98' title='bbox 430 1694 509 1768; x_wconf 87' lang='lat' dir='ltr'><strong>illud,</strong></span> <span class='ocrx_word' id='word_1_99' title='bbox 524 1696 600 1770; x_wconf 88' lang='lat' dir='ltr'><strong>quod</strong></span> <span class='ocrx_word' id='word_1_100' title='bbox 620 1704 661 1766; x_wconf 89' lang='lat' dir='ltr'><strong>tn,</strong></span> <span class='ocrx_word' id='word_1_101' title='bbox 681 1695 795 1766; x_wconf 80' lang='lat' dir='ltr'>Crasse,</span> <span class='ocrx_word' id='word_1_102' title='bbox 809 1712 899 1773; x_wconf 87' lang='lat' dir='ltr'><strong>nuper</strong></span> <span class='ocrx_word' id='word_1_103' title='bbox 914 1695 951 1766; x_wconf 85' lang='lat' dir='ltr'><strong>ei,</strong></span> 
     </span>
     <span class='ocr_line' id='line_1_16' title="bbox 102 1789 950 1868; baseline -0.001 -20"><span class='ocrx_word' id='word_1_104' title='bbox 102 1825 105 1834; x_wconf 86' lang='lat'><strong>·</strong></span> <span class='ocrx_word' id='word_1_105' title='bbox 128 1803 159 1855; x_wconf 81' lang='lat'><strong>15</strong></span> <span class='ocrx_word' id='word_1_106' title='bbox 172 1790 221 1866; x_wconf 90' lang='lat' dir='ltr'><strong>qni</strong></span> <span class='ocrx_word' id='word_1_107' title='bbox 234 1799 263 1848; x_wconf 88' lang='lat' dir='ltr'><strong>te</strong></span> <span class='ocrx_word' id='word_1_108' title='bbox 276 1789 414 1868; x_wconf 68' lang='lat' dir='ltr'><strong>rogdsset,</strong></span> <span class='ocrx_word' id='word_1_109' title='bbox 428 1807 497 1848; x_wconf 87' lang='lat' dir='ltr'><strong>num</strong></span> <span class='ocrx_word' id='word_1_110' title='bbox 511 1791 564 1847; x_wconf 86' lang='lat' dir='ltr'><strong>tibi</strong></span> <span class='ocrx_word' id='word_1_111' title='bbox 579 1791 716 1848; x_wconf 86' lang='lat' dir='ltr'><strong>molestus</strong></span> <span class='ocrx_word' id='word_1_112' title='bbox 734 1802 811 1848; x_wconf 88' lang='lat' dir='ltr'><strong>esset</strong></span> <span class='ocrx_word' id='word_1_113' title='bbox 830 1791 950 1861; x_wconf 80' lang='lat' dir='ltr'><strong>iuturus,</strong></span> 
     </span>
     <span class='ocr_line' id='line_1_17' title="bbox 173 1885 950 1959; baseline -0.001 -15"><span class='ocrx_word' id='word_1_114' title='bbox 173 1886 247 1944; x_wconf 83' lang='lat' dir='ltr'><strong>eiad</strong></span> <span class='ocrx_word' id='word_1_115' title='bbox 260 1895 289 1944; x_wconf 90' lang='lat' dir='ltr'><strong>te</strong></span> <span class='ocrx_word' id='word_1_116' title='bbox 305 1887 378 1944; x_wconf 90' lang='lat' dir='ltr'><strong>bene</strong></span> <span class='ocrx_word' id='word_1_117' title='bbox 398 1895 463 1943; x_wconf 87' lang='lat' dir='ltr'><strong>ante</strong></span> <span class='ocrx_word' id='word_1_118' title='bbox 483 1886 577 1944; x_wconf 88' lang='lat' dir='ltr'><strong>lucem</strong></span> <span class='ocrx_word' id='word_1_119' title='bbox 597 1886 736 1955; x_wconf 63' lang='lat' dir='ltr'><strong>venissem</strong></span> <span class='ocrx_word' id='word_1_120' title='bbox 758 1885 835 1943; x_wconf 85' lang='lat' dir='ltr'><strong>“Tu</strong></span> <span class='ocrx_word' id='word_1_121' title='bbox 856 1888 950 1959; x_wconf 84' lang='lat' dir='ltr'><strong>vero,&#39;&#39;</strong></span> 
     </span>
     <span class='ocr_line' id='line_1_18' title="bbox 174 1981 952 2060; baseline 0.001 -20"><span class='ocrx_word' id='word_1_122' title='bbox 174 1981 300 2058; x_wconf 81' lang='lat' dir='ltr'><strong>inquisti,</strong></span> <span class='ocrx_word' id='word_1_123' title='bbox 318 1987 337 2016; x_wconf 89' lang='lat'><strong>“</strong></span> <span class='ocrx_word' id='word_1_124' title='bbox 346 1981 481 2039; x_wconf 82' lang='lat' dir='ltr'><strong>molestus</strong></span> <span class='ocrx_word' id='word_1_125' title='bbox 501 1999 558 2039; x_wconf 92' lang='lat' dir='ltr'><strong>non</strong></span> <span class='ocrx_word' id='word_1_126' title='bbox 578 1981 674 2038; x_wconf 88' lang='lat' dir='ltr'><strong>eris:&#39;&#39;</strong></span> <span class='ocrx_word' id='word_1_127' title='bbox 696 1981 846 2039; x_wconf 85' lang='lat' dir='ltr'><strong>“Jubebis</strong></span> <span class='ocrx_word' id='word_1_128' title='bbox 865 1983 952 2060; x_wconf 76' lang='lat' dir='ltr'><strong>igitur</strong></span> 
     </span>
     <span class='ocr_line' id='line_1_19' title="bbox 172 2077 950 2156; baseline -0.001 -18"><span class='ocrx_word' id='word_1_129' title='bbox 172 2081 229 2152; x_wconf 84' lang='lat' dir='ltr'><strong>te,”</strong></span> <span class='ocrx_word' id='word_1_130' title='bbox 245 2077 347 2155; x_wconf 88' lang='lat' dir='ltr'><strong>inquit,</strong></span> <span class='ocrx_word' id='word_1_131' title='bbox 361 2085 379 2112; x_wconf 85' lang='lat'>“</span> <span class='ocrx_word' id='word_1_132' title='bbox 390 2077 564 2136; x_wconf 84' lang='lat' dir='ltr'><strong>suscitaril”</strong></span> <span class='ocrx_word' id='word_1_133' title='bbox 586 2088 615 2134; x_wconf 86' lang='lat' dir='ltr'><strong>et</strong></span> <span class='ocrx_word' id='word_1_134' title='bbox 628 2086 669 2149; x_wconf 90' lang='lat' dir='ltr'><strong>tu,</strong></span> <span class='ocrx_word' id='word_1_135' title='bbox 683 2077 800 2136; x_wconf 83' lang='lat' dir='ltr'><strong>“Certe</strong></span> <span class='ocrx_word' id='word_1_136' title='bbox 815 2079 950 2156; x_wconf 67' lang='lat' dir='ltr'><strong>negaram</strong></span> 
     </span>
     <span class='ocr_line' id='line_1_20' title="bbox 173 2172 952 2239; baseline 0 -5"><span class='ocrx_word' id='word_1_137' title='bbox 173 2186 202 2234; x_wconf 85' lang='lat' dir='ltr'><strong>te</strong></span> <span class='ocrx_word' id='word_1_138' title='bbox 221 2175 370 2236; x_wconf 83' lang='lat' dir='ltr'><strong>molestum</strong></span> <span class='ocrx_word' id='word_1_139' title='bbox 391 2173 544 2233; x_wconf 83' lang='lat' dir='ltr'><strong>futurum.”</strong></span> <span class='ocrx_word' id='word_1_140' title='bbox 598 2173 644 2230; x_wconf 79' lang='lat' dir='ltr'><strong>Ea</strong></span> <span class='ocrx_word' id='word_1_141' title='bbox 662 2172 764 2239; x_wconf 85' lang='lat' dir='ltr'><strong>eodem</strong></span> <span class='ocrx_word' id='word_1_142' title='bbox 790 2174 847 2234; x_wconf 87' lang='lat' dir='ltr'><strong>hoe</strong></span> <span class='ocrx_word' id='word_1_143' title='bbox 872 2190 952 2234; x_wconf 87' lang='lat' dir='ltr'><strong>retus</strong></span> 
     </span>
     <span class='ocr_line' id='line_1_21' title="bbox 126 2269 950 2348; baseline 0 -18"><span class='ocrx_word' id='word_1_144' title='bbox 126 2285 159 2337; x_wconf 66' lang='grc' dir='ltr'><strong>ω</strong></span> <span class='ocrx_word' id='word_1_145' title='bbox 174 2271 243 2330; x_wconf 92' lang='lat' dir='ltr'><strong>illud</strong></span> <span class='ocrx_word' id='word_1_146' title='bbox 267 2281 319 2344; x_wconf 85' lang='lat' dir='ltr'><strong>est,</strong></span> <span class='ocrx_word' id='word_1_147' title='bbox 339 2272 415 2348; x_wconf 91' lang='lat' dir='ltr'><strong>quod</strong></span> <span class='ocrx_word' id='word_1_148' title='bbox 442 2271 521 2328; x_wconf 85' lang='lat' dir='ltr'><strong>aiunt</strong></span> <span class='ocrx_word' id='word_1_149' title='bbox 547 2269 776 2347; x_wconf 74' lang='lat' dir='ltr'><strong>Maluginensem</strong></span> <span class='ocrx_word' id='word_1_150' title='bbox 802 2271 883 2331; x_wconf 88' lang='lat' dir='ltr'><strong>illum</strong></span> <span class='ocrx_word' id='word_1_151' title='bbox 909 2271 950 2330; x_wconf 82' lang='lat' dir='ltr'><strong>M.</strong></span> 
     </span>
     <span class='ocr_line' id='line_1_22' title="bbox 174 2366 952 2442; baseline 0.003 -17"><span class='ocrx_word' id='word_1_152' title='bbox 174 2366 348 2442; x_wconf 79' lang='lat' dir='ltr'><strong>Scipionem,</strong></span> <span class='ocrx_word' id='word_1_153' title='bbox 377 2385 442 2424; x_wconf 89' lang='lat' dir='ltr'><strong>curn</strong></span> <span class='ocrx_word' id='word_1_154' title='bbox 469 2385 503 2424; x_wconf 85' lang='lat' dir='ltr'><strong>ex</strong></span> <span class='ocrx_word' id='word_1_155' title='bbox 530 2367 661 2425; x_wconf 64' lang='lat' dir='ltr'><strong>centuriis</strong></span> <span class='ocrx_word' id='word_1_156' title='bbox 692 2368 745 2424; x_wconf 73' lang='lat' dir='ltr'><strong>sud</strong></span> <span class='ocrx_word' id='word_1_157' title='bbox 777 2369 952 2427; x_wconf 83' lang='lat' dir='ltr'><strong>renuntiaret</strong></span> 
     </span>
     <span class='ocr_line' id='line_1_23' title="bbox 173 2461 951 2537; baseline 0.001 -16"><span class='ocrx_word' id='word_1_158' title='bbox 173 2461 330 2521; x_wconf 86' lang='lat' dir='ltr'><strong>Acidinum</strong></span> <span class='ocrx_word' id='word_1_159' title='bbox 357 2462 513 2533; x_wconf 89' lang='lat' dir='ltr'><strong>consulem,</strong></span> <span class='ocrx_word' id='word_1_160' title='bbox 533 2480 686 2537; x_wconf 79' lang='lat' dir='ltr'><strong>praecoque</strong></span> <span class='ocrx_word' id='word_1_161' title='bbox 710 2462 838 2535; x_wconf 82' lang='lat' dir='ltr'><strong>dixisset,</strong></span> <span class='ocrx_word' id='word_1_162' title='bbox 866 2463 951 2522; x_wconf 87' lang='lat' dir='ltr'><strong>“Die</strong></span> 
     </span>
     <span class='ocr_line' id='line_1_24' title="bbox 173 2555 952 2636; baseline 0.003 -22"><span class='ocrx_word' id='word_1_163' title='bbox 173 2557 209 2616; x_wconf 92' lang='lat' dir='ltr'><strong>de</strong></span> <span class='ocrx_word' id='word_1_164' title='bbox 223 2556 255 2615; x_wconf 92' lang='lat' dir='ltr'><strong>L.</strong></span> <span class='ocrx_word' id='word_1_165' title='bbox 268 2555 377 2615; x_wconf 85' lang='lat' dir='ltr'><strong>Manlio</strong></span> <span class='ocrx_word' id='word_1_166' title='bbox 387 2558 418 2626; x_wconf 89' lang='lat'><strong>;”</strong></span> <span class='ocrx_word' id='word_1_167' title='bbox 440 2556 571 2614; x_wconf 86' lang='lat' dir='ltr'><strong>“Virum</strong></span> <span class='ocrx_word' id='word_1_168' title='bbox 584 2557 719 2628; x_wconf 90' lang='lat' dir='ltr'><strong>bonum,”</strong></span> <span class='ocrx_word' id='word_1_169' title='bbox 731 2557 833 2632; x_wconf 89' lang='lat' dir='ltr'><strong>inquit,</strong></span> <span class='ocrx_word' id='word_1_170' title='bbox 845 2565 863 2592; x_wconf 88' lang='lat'><strong>“</strong></span> <span class='ocrx_word' id='word_1_171' title='bbox 873 2577 952 2636; x_wconf 79' lang='lat' dir='ltr'><strong>egre-</strong></span> 
     </span>
    </p>
   </div>
   <div class='ocr_carea' id='block_1_3' title="bbox 125 2650 953 3018">
    <p class='ocr_par' dir='ltr' id='par_1_3' title="bbox 125 2650 953 3018">
     <span class='ocr_line' id='line_1_25' title="bbox 172 2650 950 2732; baseline 0.001 -20"><span class='ocrx_word' id='word_1_172' title='bbox 172 2653 307 2732; x_wconf 80' lang='lat' dir='ltr'><strong>giumque</strong></span> <span class='ocrx_word' id='word_1_173' title='bbox 327 2653 417 2712; x_wconf 84' lang='lat' dir='ltr'><strong>civem</strong></span> <span class='ocrx_word' id='word_1_174' title='bbox 437 2669 499 2710; x_wconf 87' lang='lat' dir='ltr'><strong>esse</strong></span> <span class='ocrx_word' id='word_1_175' title='bbox 520 2651 668 2710; x_wconf 87' lang='lat' dir='ltr'><strong>arbitror.”</strong></span> <span class='ocrx_word' id='word_1_176' title='bbox 708 2650 847 2712; x_wconf 74' lang='lat' dir='ltr'><strong>Ridicule</strong></span> <span class='ocrx_word' id='word_1_177' title='bbox 864 2655 950 2714; x_wconf 82' lang='lat' dir='ltr'><strong>etiam</strong></span> 
     </span>
     <span class='ocr_line' id='line_1_26' title="bbox 125 2745 950 2822; baseline 0.002 -15"><span class='ocrx_word' id='word_1_178' title='bbox 125 2749 250 2808; x_wconf 72' lang='lat' dir='ltr'><strong>utillud.</strong></span> <span class='ocrx_word' id='word_1_179' title='bbox 291 2749 324 2808; x_wconf 89' lang='lat' dir='ltr'><strong>L.</strong></span> <span class='ocrx_word' id='word_1_180' title='bbox 344 2747 464 2806; x_wconf 87' lang='lat' dir='ltr'><strong>Porcius</strong></span> <span class='ocrx_word' id='word_1_181' title='bbox 484 2745 594 2806; x_wconf 82' lang='lat' dir='ltr'><strong>Nasica</strong></span> <span class='ocrx_word' id='word_1_182' title='bbox 612 2748 724 2806; x_wconf 82' lang='lat' dir='ltr'><strong>censori</strong></span> <span class='ocrx_word' id='word_1_183' title='bbox 750 2747 865 2822; x_wconf 87' lang='lat' dir='ltr'><strong>Catoni,</strong></span> <span class='ocrx_word' id='word_1_184' title='bbox 884 2769 950 2809; x_wconf 87' lang='lat' dir='ltr'><strong>curn</strong></span> 
     </span>
     <span class='ocr_line' id='line_1_27' title="bbox 172 2845 949 2918; baseline 0.004 -15"><span class='ocrx_word' id='word_1_185' title='bbox 172 2845 229 2918; x_wconf 89' lang='lat' dir='ltr'><strong>ille,</strong></span> <span class='ocrx_word' id='word_1_186' title='bbox 244 2853 263 2880; x_wconf 90' lang='lat'>“</span> <span class='ocrx_word' id='word_1_187' title='bbox 273 2847 317 2904; x_wconf 87' lang='lat' dir='ltr'><strong>Ex</strong></span> <span class='ocrx_word' id='word_1_188' title='bbox 329 2845 371 2904; x_wconf 92' lang='lat' dir='ltr'><strong>tui</strong></span> <span class='ocrx_word' id='word_1_189' title='bbox 386 2845 472 2903; x_wconf 85' lang='lat' dir='ltr'><strong>animi</strong></span> <span class='ocrx_word' id='word_1_190' title='bbox 488 2845 630 2902; x_wconf 61' lang='lat' dir='ltr'><strong>sententia</strong></span> <span class='ocrx_word' id='word_1_191' title='bbox 643 2854 673 2902; x_wconf 87' lang='lat' dir='ltr'><strong>tu</strong></span> <span class='ocrx_word' id='word_1_192' title='bbox 689 2863 804 2904; x_wconf 82' lang='lat' dir='ltr'><strong>uxorem</strong></span> <span class='ocrx_word' id='word_1_193' title='bbox 820 2847 949 2906; x_wconf 82' lang='lat' dir='ltr'><strong>habesl’&#39;</strong></span> 
     </span>
     <span class='ocr_line' id='line_1_28' title="bbox 173 2941 953 3018; baseline 0.003 -18"><span class='ocrx_word' id='word_1_194' title='bbox 173 2949 191 2976; x_wconf 87' lang='lat'>“</span> <span class='ocrx_word' id='word_1_195' title='bbox 201 2941 279 3015; x_wconf 92' lang='lat' dir='ltr'><strong>Non,</strong></span> <span class='ocrx_word' id='word_1_196' title='bbox 297 2942 440 3014; x_wconf 88' lang='lat' dir='ltr'><strong>hercule‚’&#39;</strong></span> <span class='ocrx_word' id='word_1_197' title='bbox 457 2942 557 3018; x_wconf 87' lang='lat' dir='ltr'><strong>inquit,</strong></span> <span class='ocrx_word' id='word_1_198' title='bbox 572 2949 590 2976; x_wconf 87' lang='lat'>“</span> <span class='ocrx_word' id='word_1_199' title='bbox 600 2961 636 3000; x_wconf 84' lang='lat' dir='ltr'><strong>ex</strong></span> <span class='ocrx_word' id='word_1_200' title='bbox 655 2942 711 3000; x_wconf 89' lang='lat' dir='ltr'><strong>mei</strong></span> <span class='ocrx_word' id='word_1_201' title='bbox 732 2943 820 3002; x_wconf 89' lang='lat' dir='ltr'><strong>animi</strong></span> <span class='ocrx_word' id='word_1_202' title='bbox 839 2956 953 3003; x_wconf 64' lang='lat' dir='ltr'><strong>senten-e</strong></span> 
     </span>
    </p>
   </div>
   <div class='ocr_carea' id='block_1_4' title="bbox 0 0 1088 3525">
    <p class='ocr_par' dir='ltr' id='par_1_4' title="bbox 0 0 1088 3525">
     <span class='ocr_line' id='line_1_29' title="bbox 0 0 1088 3525; baseline 0 0"><span class='ocrx_word' id='word_1_203' title='bbox 0 0 1088 3525; x_wconf 95' lang='lat' dir='ltr'><strong> </strong></span> 
     </span>
    </p>
   </div>
  </div>
 </body>
</html>
