2167 3525
132 328 223 391 nnt.1
412 328 454 375 nn
476 328 637 375 corrone
897 314 953 379 lrc

133 474 275 549 doctrind‚
294 486 431 553 quantum
453 496 506 533 usu
526 476 668 535 valemus:
696 494 787 551 neque
813 458 935 533 tumenu

134 570 207 643 istis,
221 570 269 649 qui
283 572 312 628 in
326 572 382 631 und
401 571 581 648 philosophici
599 570 680 647 quasi
695 569 909 635 tabernaculum
963 558 985 599 ‘

134 668 199 727 vite
219 688 276 727 suae
297 666 482 739 collocarunt,
503 668 623 726 multum
649 685 718 725 saue
737 667 768 725 iu
786 667 910 745 disputo-

133 766 212 824 tione
226 766 415 825 concedimus.

173 956 257 1016 XXI.
287 958 369 1020 Quid
390 959 465 1016 enirn
483 977 563 1017 rrreus
577 958 722 1017 familiaris
735 959 768 1017 C.
784 957 941 1021 velleius⁵

135 1054 234 1113 afferre
253 1064 354 1131 potest,
369 1055 552 1131 quamobrem
567 1055 694 1131 voluptas
713 1055 750 1112 sit
768 1072 911 1112 summurn

134 1151 251 1223 bonum,
278 1151 354 1227 quod
381 1170 435 1228 ego
468 1170 526 1209 non
560 1152 703 1227 copiosius
735 1152 841 1227 possim
867 1149 910 1207 vel

134 1248 230 1319 tutari,
245 1248 269 1305 si
289 1248 383 1320 velim,
398 1247 440 1305 vel
461 1248 599 1320 refellere,
617 1266 653 1308 er
672 1247 727 1306 illis
746 1248 828 1319 locis,
841 1264 912 1325 quos

134 1344 266 1419 exposuit
280 1344 433 1413 Antonius,
447 1344 501 1401 bec
520 1344 636 1402 dicendi
656 1344 869 1414 exercitatione,
882 1342 913 1400 in

136 1439 193 1513 qud
216 1439 343 1498 Velleius
375 1450 418 1497 est
450 1440 538 1511 rudis,
566 1440 759 1515 unusquisque
785 1438 913 1498 noetrrirn
928 1441 957 1490 1⁰

135 1536 283 1591 versetusl
324 1534 406 1597 Quid
426 1545 478 1606 est,
499 1536 574 1611 quod
597 1545 645 1593 aut
663 1536 728 1593 Sex.
750 1534 912 1609 Pompeius,

137 1639 186 1689 aot
204 1630 260 1689 duo
280 1629 371 1702 Balbi,
387 1641 435 1690 cut
447 1650 527 1688 meus
542 1631 660 1703 amicus,
674 1632 722 1706 qui
737 1650 802 1688 cum
815 1630 914 1692 Pene-

136 1726 179 1785 tio
212 1726 289 1799 vixit,
324 1726 364 1786 M.
392 1727 542 1806 Vigellius
569 1728 605 1787 dc
632 1728 734 1787 virtute
766 1727 913 1788 hominum

136 1823 230 1881 Stoici
255 1825 365 1899 possint
390 1825 496 1897 dicere,
517 1825 574 1901 qud
594 1825 623 1882 in
643 1825 835 1901 disputatione
858 1843 913 1904 ego

137 1919 181 1976 his
200 1919 328 1994 debeam,
350 1931 397 1980 aut
416 1921 539 1980 vestrirm
559 1921 716 1997 quisquam,
735 1921 913 1978 concederet
928 1928 958 1976 1⁵

136 2013 204 2080 Non
218 2026 260 2074 est
274 2017 350 2074 eninr
369 2017 547 2093 philosophie
565 2017 666 2074 similis
680 2018 780 2074 artium
795 2018 914 2092 reliqua·
1011 2083 1014 2089 ,

136 2128 216 2168 rutn:
250 2130 314 2168 narn
338 2113 406 2186 qnid
433 2113 517 2170 societ
542 2113 570 2169 in
594 2112 761 2188 geometrici,
785 2111 833 2185 qui
856 2128 914 2171 non

137 2205 291 2263 didiceritl
312 2207 379 2280 quid
395 2207 424 2264 in
439 2207 575 2264 musicist
596 2216 644 2264 cut
657 2215 750 2263 taceat
763 2205 914 2280 oportebit,

139 2311 187 2360 aut
201 2319 237 2358 nc
256 2320 341 2358 sanus
354 2302 467 2376 quidem
485 2301 636 2377 judicetur.
677 2301 750 2358 Hrec
763 2319 839 2373 vero,
853 2320 915 2377 que

138 2407 205 2458 sunt
231 2397 260 2456 in
286 2398 475 2474 pbilosophiri,
497 2397 619 2474 ingeniis
645 2407 791 2469 eruuntur,
812 2398 848 2455 ad
875 2397 913 2470 id,
929 2408 960 2458 20

138 2493 213 2568 quod
227 2494 255 2551 in
271 2477 387 2570 quoque¹
395 2494 547 2550 verisimile
561 2503 612 2565 est,
627 2494 808 2566 eliciendum,
824 2495 914 2553 acutis

139 2600 223 2664 etque
237 2588 350 2647 acribus
358 2609 366 2660 ;
387 2609 476 2664 enque
490 2590 645 2648 exercitati
665 2589 794 2649 oratione
806 2590 915 2668 poliun-

138 2697 192 2744 tur.
243 2685 302 2744 Hic
321 2697 417 2744 noster
437 2687 560 2762 vulgaris
580 2697 683 2757 orator,
703 2686 728 2744 si
748 2687 842 2744 minus
862 2686 922 2772 crit¹

138 2783 248 2854 doctus,
263 2793 384 2840 attamen
399 2783 566 2842 indicendo
586 2783 765 2854 exercitatus,
780 2783 834 2840 bec
854 2783 915 2860 ipat

138 2878 341 2936 exercitatione
362 2879 517 2950 communi,
539 2879 608 2936 istos
633 2878 747 2953 quidem
776 2877 915 2959 [nostros]
928 2893 962 2944 85

39 3031 41 3036 ,
140 2975 309 3046 verberabit,
323 2993 416 3050 neque
436 2993 467 3034 sc
486 2976 521 3034 nb
535 2974 571 3032 iis
590 2975 737 3041 contemni
756 2994 790 3034 ac
808 2975 916 3055 despici

141 3069 223 3130 sinet
264 3070 316 3128 Sin
331 3071 430 3146 aliquis
450 3071 589 3144 exstiterit
602 3070 762 3146 aliquando,
775 3073 825 3148 qui
838 3071 916 3135 eric
