2167 3525
138 310 218 373 uu]
418 316 461 365 ou
483 318 646 366 onerosa.
924 308 964 367 to

137 459 206 518 ties
249 460 322 520 Hac
342 474 390 523 aut
409 464 513 543 frigida
525 477 601 539 sunt,
617 476 666 524 aut
678 477 739 526 turn
752 466 836 537 salsa,
849 484 917 524 cum

139 556 217 614 aliud
231 568 273 616 est
286 570 496 636 exspectatum:
518 565 621 621 natura
634 564 711 623 enirn
724 582 777 622 nos
791 561 837 640 (ut
851 574 916 621 ante

139 652 213 732 dixi)
233 666 327 714 noster
348 657 472 717 delectat
492 677 586 731 error;
608 679 644 717 ex
662 679 729 736 quo,
750 679 815 719 curu
836 659 916 736 quasi

139 749 250 827 decepti
264 772 362 811 sumus
375 757 597 831 exspectatione,
610 757 744 815 ridemus.

176 944 267 1004 LXV.
298 946 333 1005 In
353 948 446 1005 verbis
465 950 551 1007 etiam
572 950 622 1008 illa
640 960 715 1022 sunt,
730 969 793 1025 quae
813 960 862 1009 aut
879 956 947 1009 015

138 1041 286 1101 immutatis
306 1044 436 1103 oratione
456 1045 609 1120 ducuntur,
624 1057 672 1105 aut
685 1066 721 1104 ex
734 1047 819 1105 unius
837 1046 916 1105 serbi

138 1139 332 1213 translatione,
354 1152 402 1199 aut
422 1160 457 1199 ex
477 1143 638 1201 inversione
663 1145 821 1201 verborum.
871 1143 918 1201 Ex

138 1234 350 1309 immutatione3
372 1249 403 1297 ut
423 1239 491 1297 olim
511 1239 613 1298 Rusca
633 1259 698 1299 cum
717 1241 811 1317 legem
831 1240 917 1297 ferret

138 1332 278 1405 annalem,
299 1334 443 1393 dissuasor
469 1335 510 1394 M.
537 1336 684 1409 Servilius,
706 1336 791 1395 “Dic
817 1335 915 1407 mihi,’'

138 1428 240 1502 inquit,
262 1436 279 1462 ‘⁶
290 1428 330 1488 M.
352 1430 459 1504 Pinari,
479 1450 558 1503 num,
579 1432 603 1489 si
625 1442 726 1489 contra
749 1442 779 1489 te
805 1431 917 1503 dixero,
932 1438 963 1488 10

137 1523 208 1580 mihi
229 1525 444 1584 maledicturus
458 1546 498 1598 es,
513 1538 545 1585 ut
558 1528 662 1584 ceteris
674 1527 786 1584 fecisti?
794 1528 810 1554 '²
851 1526 918 1584 “Ut

138 1630 293 1696 sementem
313 1621 425 1693 feceris,
440 1622 480 1680 ita
499 1624 617 1694 metes‚’'
632 1623 731 1697 inquit
771 1623 816 1681 Ex
828 1633 917 1681 trans·

137 1714 242 1774 latione
263 1728 367 1792 autem,
382 1728 422 1791 ut,
437 1738 502 1778 cum
523 1719 623 1796 Scipio
641 1719 690 1778 ille
709 1720 797 1798 major
815 1720 917 1780 Coriu-

137 1812 205 1870 thiis
227 1823 347 1872 statuam
368 1816 571 1891 pollicentibus
590 1835 626 1874 eo
642 1817 718 1887 loco,
732 1817 782 1876 uhi
796 1818 915 1876 aliorum

136 1920 231 1968 essent
257 1911 467 1987 imperatorum,
493 1913 678 1974 “turmales’'
700 1914 772 1972 dixit
792 1913 916 1990 “displi-
930 1923 961 1971 15

137 2009 229 2064 cere.''
274 2007 455 2068 Invertuntur
484 2020 578 2068 autem
604 2011 699 2082 verba,
726 2024 768 2082 ut,
794 2010 916 2069 Crassus

137 2104 210 2178 apud
224 2103 265 2162 M.
280 2104 451 2181 Perpernam
469 2107 597 2182 judicem
616 2125 669 2181 pro
683 2107 833 2165 Aculeone
847 2125 915 2165 cum

136 2199 254 2272 diceret,
283 2203 379 2260 aderat
412 2212 510 2260 contra
537 2201 716 2259 Aculeonem
749 2201 917 2259 Gratidiano

137 2295 169 2354 L.
190 2297 284 2354 AElius
304 2297 414 2368 Lamia,
436 2297 581 2368 deformis,
602 2307 634 2354 ut
652 2295 758 2367 nostis;
779 2297 914 2372 quicum

136 2392 327 2469 interpellaret
340 2393 455 2464 odiose3
477 2399 495 2426 “
505 2393 694 2465 Audiamus,”
710 2393 811 2468 iuquit,
826 2398 844 2426 “
854 2394 915 2470 pul·
929 2409 961 2460 m

135 2489 258 2546 chellum
271 2492 420 2566 puerum,''
435 2489 564 2548 Crassus.
606 2489 681 2548 Cum
696 2500 771 2549 esset
784 2490 913 2563 arrisum,

135 2584 232 2643 “Non
244 2587 324 2661 potui
338 2586 437 2658 mihi,’'
452 2586 544 2662 inquit
559 2586 670 2658 Lamia,
685 2593 703 2620 ‘¹
713 2586 832 2644 formam
852 2587 913 2662 ipse

134 2683 258 2759 fingere;
282 2682 430 2760 ingenium
448 2683 557 2759 potui.''
598 2681 677 2740 Tum
696 2683 755 2754 hio,
777 2681 913 2740 “Audia-

133 2781 226 2852 mus,’'
240 2779 340 2854 iuquit,
355 2786 373 2812 ‘⁴
383 2779 518 2838 disertum
530 2781 561 2836 :''
581 2779 672 2836 multo
690 2779 776 2838 etiam
794 2777 913 2837 arrisum

133 2887 178 2933 est
190 2875 395 2934 vehementius.
927 2885 959 2936 25

174 2973 248 3030 Sunt
261 2972 347 3030 etiam
361 2972 411 3030 illa
423 2982 552 3044 venusta,
566 2973 640 3030 utin
654 2971 787 3049 gravibus
802 2980 914 3030 seuten-

135 3066 192 3141 tiis,
204 3069 246 3128 sic
260 3069 289 3126 io
304 3068 423 3126 facetiis.
463 3068 532 3126 Dixi
546 3068 624 3126 enim
636 3067 755 3139 dudum,
766 3067 913 3126 materiam
