2167 3525
144 262 236 323 utu]
423 262 466 311 on
483 262 649 311 carrona
734 251 736 255 ’
886 254 966 313 w

144 412 358 474 similitudinem
378 413 470 471 verbis
489 413 666 471 dictasunt:
688 418 737 470 aut
748 431 804 487 quo
817 411 922 489 siguifi-

145 519 226 567 cetur
252 510 342 587 magis
367 528 414 567 ree
439 519 508 581 totu,
535 508 595 566 sive
621 509 689 570 sacti
716 508 845 585 alicujus,
862 510 922 566 sive

146 605 267 675 consilii,
282 616 313 663 ut
332 604 451 680 ille,·qui
470 604 662 669 monitantem
680 604 819 676 consulto,
833 603 922 676 aeid,

145 700 221 775 quod
236 710 374 777 ageretur,
390 700 510 777 intelligi
528 710 634 775 posset,
651 700 763 757 duobus
780 699 923 759 translatis

146 796 239 854 verbis
253 796 437 855 similitudine
451 796 512 873 ipsit
526 796 645 869 indicat,
936 807 954 855 o

162 948 176 974 “
186 942 391 1005 Quandoquidem
402 940 448 991 iste
460 942 628 991 circumvestit
638 942 719 1006 dictis,
729 945 793 1008 sepit
802 944 912 992 sedulo.”

146 1086 362 1161 Nonnunquam
389 1086 475 1144 ctiam
501 1086 626 1143 brevitas
648 1086 832 1145 translatione
858 1106 925 1145 cou-

147 1183 250 1255 ficitur‚
273 1192 305 1241 ut
328 1182 408 1253 illud,
428 1182 488 1239 “Si
511 1182 600 1239 telum
621 1200 708 1239 manu
730 1182 830 1259 lugit.¹’
870 1183 926 1240 Im·

146 1278 297 1355 prudentia
325 1278 384 1337 teli
407 1278 503 1335 emissi
536 1278 650 1337 brevius
680 1279 803 1354 propriis
832 1279 926 1338 verbis

148 1376 251 1451 exponi
270 1394 343 1438 non
374 1375 475 1450 potuit,
502 1394 587 1451 quam
614 1383 659 1431 est
683 1392 743 1432 uuo
768 1375 927 1451 significata
941 1382 971 1432 10

148 1471 293 1529 translato.
334 1471 429 1545 Atque
450 1470 507 1528 hoc·
527 1470 556 1527 in
576 1488 681 1547 genere
705 1488 831 1546 persaepe
857 1470 926 1529 mihi

150 1566 347 1625 admirandum
360 1566 480 1638 videtur,
493 1566 563 1642 quid
575 1567 621 1637 sit,
634 1567 710 1641 quod
724 1583 822 1624 omnes
839 1576 927 1624 trans-

149 1662 214 1723 latis
240 1673 268 1721 et
295 1662 394 1721 alienis
414 1662 505 1740 magis
524 1662 701 1734 delectentur
720 1661 926 1738 verbis‚·quam

149 1759 271 1838 propriis
284 1769 313 1818 et
326 1759 393 1818 suis.

188 1955 251 2014 XL.
283 1955 369 2028 Nam,
390 1955 414 2014 si
434 1973 479 2012 res
502 1973 585 2013 suum
610 1970 716 2013 nomen
736 1965 765 2013 et
783 1955 973 2032 proprium15

151 2052 319 2110 vccabulum
339 2071 398 2109 non
419 2053 513 2122 habet,
528 2065 560 2109 ut
573 2071 625 2128 pes
639 2052 668 2110 iu
685 2053 761 2124 nari,
775 2044 807 2109 ut
821 2069 926 2123 naun,

151 2147 224 2222 quod
244 2165 294 2222 per
312 2145 415 2204 libram
437 2147 538 2223 agitur,
552 2157 584 2203 ut
604 2146 634 2203 in
654 2164 742 2203 uxore
760 2146 926 2211 divorum

149 2242 306 2310 necessitas
326 2241 414 2320 cogit,
435 2241 511 2316 quod
530 2260 589 2298 non
616 2240 731 2313 habeas,
752 2240 865 2300 aliunde
884 2261 930 2299 su·

151 2357 245 2396 mere:
266 2337 326 2409 sed,
341 2337 371 2394 in
389 2357 504 2394 suorum
524 2338 674 2395 verborum
693 2338 816 2396 maxima
834 2337 927 2414 copiti,

151 2445 246 2494 tamen
280 2433 409 2492 homines
443 2433 535 2492 aliena
566 2433 657 2491 multo
685 2435 786 2512 magis,
812 2434 843 2492 si
863 2445 974 2497 suntal)

151 2531 260 2590 ratione
274 2530 419 2601 translata,
434 2529 585 2586 delectant.
625 2529 660 2587 Id
681 2530 812 2588 accidere
831 2531 928 2604 credo,

151 2627 195 2684 vel
210 2627 284 2702 quod
298 2626 407 2703 ingenii
421 2626 565 2702 specimen
583 2636 627 2682 cst
639 2626 792 2700 quoddam,
805 2627 929 2686 transili-

151 2743 182 2782 re
209 2733 274 2782 ante
299 2723 387 2798 pedes
418 2721 520 2797 posita,
547 2730 577 2778 et
605 2721 661 2778 alia
692 2722 778 2799 longe
809 2723 929 2798 repetita

152 2838 278 2890 sumerc3
313 2818 356 2875 vel
383 2801 459 2894 quod
486 2818 520 2890 is,
544 2817 593 2892 qui
619 2817 707 2890 audit,
732 2817 788 2876 alio
814 2819 927 2880 ducitur

153 2905 336 2992 cogitatione,
354 2933 446 2989 neque
465 2924 560 2972 tamen
582 2913 692 2971 aberrat
711 2913 787 2991 (quas
805 2917 929 2975 maxima
942 2929 974 2980 25

152 3021 196 3071 est
215 3010 380 3090 delectatio)
390 3029 397 3080 ;
418 3011 471 3067 vel.
482 3011 559 3085 quod
578 3009 698 3088 singulis
716 3012 811 3070 verbis
828 3031 874 3072 res
893 3031 928 3072 ao
