2167 3525
124 304 217 366 hun]
405 307 449 354 nl:
470 307 632 354 ORATORE.
898 298 953 356 175

123 454 283 513 seeundum
303 473 414 527 vooem,
434 456 529 515 vultus
541 457 632 515 velet:
654 455 678 514 is
699 465 794 515 autem
814 455 906 518 oculis

122 552 305 628 gubernatur.
347 552 443 627 Atque
469 552 499 610 in
526 552 562 610 iis
589 552 814 634 omnibusque
840 565 906 612 sunt

123 647 254 718 aetionis,
269 647 343 705 inest
362 648 492 723 quedam
505 648 549 706 vis
566 668 583 706 a
599 649 701 707 neturi
715 648 797 706 data:
819 667 906 724 quare

122 741 209 798 etiam
224 742 278 799 hao
298 741 431 818 imperiti,
446 742 501 800 hae
514 742 625 820 vulgus,
640 743 695 805 huo
708 743 831 818 denique
845 744 906 801 bar-

122 837 194 909 bari,
214 838 337 896 maxime
363 848 587 897 commoventur.
628 839 726 897 Verba
754 839 831 896 enim
857 849 935 898 neo

121 933 229 992 minem
254 947 378 1007 movent,
398 935 455 993 nisi
481 955 557 1008 eum,
578 936 627 1011 qui
647 936 774 1013 ejusdem
799 936 905 1014 lingum

120 1029 259 1089 sooietute
291 1031 463 1108 conjunctus
495 1042 557 1102 est;
592 1032 797 1108 sententiaque
829 1051 904 1108 saepe

122 1137 284 1189 ammaon
300 1137 449 1185 acutorum
470 1127 616 1185 hominum
637 1147 737 1186 sensus
756 1139 904 1204 praetervo-

118 1221 195 1280 lant:
218 1223 303 1295 aetio,
314 1243 376 1298 quae
389 1243 447 1299 prae
460 1243 491 1280 se
504 1233 614 1281 motum
629 1225 716 1282 animi
730 1224 793 1297 fert,
805 1243 903 1283 omnes

119 1327 231 1374 moret:
253 1317 353 1375 iisdem
367 1317 444 1376 enim
457 1318 584 1376 omnium
596 1318 682 1375 animi
696 1319 821 1376 motibus
835 1337 903 1376 oon·
918 1331 949 1380 1o

120 1410 257 1485 nitantur,
271 1421 299 1469 et
312 1430 362 1468 eos
376 1411 479 1470 iisdem
490 1408 567 1470 uotis
577 1421 606 1469 et
617 1412 647 1469 in
659 1412 721 1470 eliis
732 1423 901 1490 agnoscunt,

119 1516 149 1564 et
162 1507 191 1564 in
206 1525 237 1564 se
251 1507 305 1583 ipsi
319 1507 455 1566 indicant.

158 1699 221 1760 LX.
256 1701 303 1759 Ad
325 1693 446 1762 aetionis
467 1712 561 1762 autem
575 1722 658 1763 usum
673 1713 757 1782 atque
776 1703 900 1778 laudem,

117 1798 269 1861 maximam
290 1800 352 1858 siue
372 1800 460 1858 dubio
480 1810 589 1877 partem
609 1820 664 1859 vox
684 1801 810 1873 obtinet;
838 1821 901 1877 quae

116 1895 240 1970 primum
260 1906 303 1954 est
323 1898 447 1973 optanda
465 1897 564 1969 nobis3
585 1898 699 1970 deinde,
714 1916 900 1975 quaecumque
916 1915 947 1964 15

117 1991 180 2063 erit,
195 2010 230 2051 ea
242 1994 357 2051 tuenda.
398 1994 443 2051 De
457 2012 514 2069 quo
534 1994 603 2052 illud
621 1995 680 2072 jum
701 1996 772 2054 nihil
788 1996 823 2054 ed
844 1996 900 2055 hoo

115 2089 300 2165 praecipiendi
310 2110 411 2168 genus,
422 2091 660 2166 quemadmodum
669 2092 733 2149 vooi
744 2094 898 2151 serviatur:

116 2184 247 2259 equidem
262 2204 433 2262 magnopere
454 2204 560 2243 oenseo
580 2187 780 2245 serviendum:
801 2188 851 2245 sed
868 2188 900 2246 il-

115 2279 165 2337 lud
179 2280 290 2338 videtur
304 2282 340 2338 ab
359 2282 443 2365 hujus
462 2282 553 2340 nostri
573 2283 712 2340 sermonis
730 2284 826 2341 officio
840 2303 898 2342 non
977 2314 980 2321 ·

115 2376 276 2448 abhorrere,
290 2377 376 2452 quod,
392 2376 438 2452 (ut
450 2377 510 2434 dlxi
526 2370 612 2453 paulo
632 2380 710 2458 ants)
725 2378 855 2455 plurimis
869 2380 898 2438 in
913 2398 944 2448 ω

113 2473 209 2545 rebus,
235 2473 312 2548 quod
338 2473 460 2532 maxime
485 2483 529 2532 est
556 2474 635 2547 utile,
662 2474 692 2531 id
718 2476 817 2533 nescio
843 2497 899 2554 quo

112 2578 198 2648 paolo
211 2570 297 2627 etiam
310 2570 394 2627 deoet
411 2570 541 2629 maxime.
583 2570 612 2629 N
615 2590 670 2644 am,
685 2571 721 2629 ad
734 2591 835 2632 rocem
848 2575 898 2631 ob-

113 2666 270 2737 tinendam,
283 2666 355 2723 nihil
369 2676 413 2723 est
425 2666 532 2739 utilius,
547 2686 632 2743 quum
646 2669 748 2727 erebra
761 2670 895 2741 mutatl03

112 2762 185 2819 nihil
197 2763 397 2839 perniciosius,
407 2781 493 2838 quam
507 2758 598 2822 effusa
611 2765 673 2823 sine
687 2765 896 2825 intermissione

113 2859 269 2917 eontentio.
910 2879 942 2930 ω

151 2952 253 3014 Quid‘l
282 2955 318 3012 ad
344 2973 426 3013 eures
452 2966 574 3029 nostras,
601 2966 630 3015 et
658 2958 779 3017 actionis
804 2961 896 3018 suavl·

111 3058 211 3122 tatem,
223 3050 290 3125 quid
304 3061 349 3109 est
361 3050 567 3126 vicissitudine,
576 3063 605 3111 ot
618 3054 763 3128 varietate,
776 3066 806 3114 et
819 3074 894 3117 oom-
