2167 3525
142 292 198 351 128
454 298 497 349 na
520 296 683 349 castora
870 298 968 361 [um.

222 450 316 510 Fitiam
336 452 401 524 hac,
419 452 450 510 iu
470 452 654 523 instituendo,
674 452 814 509 divisione
833 461 965 523 utuntur,

183 548 233 605 sed
260 548 309 620 ita,
335 567 393 606 non
421 558 450 607 ut
474 549 537 625 jure
565 559 613 607 aut
636 549 755 625 judicio,
783 557 814 605 ut
839 548 966 623 denique

117 630 121 641 ⁸
183 662 352 721 recuperare
379 645 508 703 amissam
539 645 757 721 possessionem,
783 644 833 701 sed
859 654 900 714 ut,
926 662 967 700 ex

160 766 163 771 ¹
181 741 244 817 jure
259 742 334 799 civili
354 742 468 799 surculo
486 741 683 818 defringendo,
698 756 834 816 usurpare
849 740 966 797 videan-

154 846 237 895 ttur.
278 838 353 895 Nam
374 838 442 895 iilud
468 838 585 895 alterum
614 856 714 914 genus,
735 837 810 912 quod
830 846 873 894 est
893 847 965 894 tern-

183 934 310 1010 poribus,
336 934 418 1005 iocis,
445 934 502 992 reis
528 934 687 1005 definitum,
714 934 852 1004 obtinent,
877 942 964 1007 atque

184 1030 306 1105 idipsum
326 1030 440 1089 lacinii.
491 1030 583 1107 ¹Nunc
609 1029 685 1087 enirn
707 1030 780 1106 apud
801 1029 962 1101 Philonem,

184 1144 267 1201 quem
288 1126 316 1184 in
338 1127 496 1185 Academii
517 1128 638 1185 maxime
651 1128 746 1203 vigere
766 1126 862 1197 audio,
875 1126 964 1184 etiam

185 1221 283 1280 harum
312 1223 369 1299 jam
397 1242 548 1282 causarum
581 1224 709 1299 cognitio
740 1222 965 1297 exercitatioque

141 1332 172 1381 10
185 1318 352 1378 celebratur.
392 1319 521 1377 Alterum
537 1337 604 1376 vero
618 1318 814 1376 tantummodo
828 1319 857 1376 in
871 1318 965 1394 prima

186 1426 245 1474 arte
258 1416 395 1474 tradenda
415 1416 571 1485 nominant,
585 1425 615 1473 et
627 1415 748 1472 oratoris
766 1433 829 1472 esse
846 1414 963 1472 dicunt:

185 1513 234 1571 sed
255 1532 347 1587 neque
365 1512 422 1569 rim
443 1530 536 1586 neque
555 1520 684 1568 naturam
704 1510 775 1587 ejus,
795 1529 851 1568 uec
868 1522 966 1587 partes

185 1624 240 1667 nac
272 1624 378 1686 genera
409 1621 586 1684 proponunt;
619 1617 652 1664 ut
665 1608 813 1683 >preteriri
844 1609 966 1665 omuino

185 1704 269 1764 fuerit
301 1705 398 1776 satius,
425 1722 509 1779 quam
544 1714 710 1763 attentatum
743 1704 853 1763 deseri:
885 1724 967 1764 nunc

141 1815 172 1864 15
185 1802 260 1859 enim
282 1801 378 1876 inopia
398 1801 519 1860 reticere
539 1800 752 1877 intelliguntur3
777 1812 837 1860 tum
854 1802 967 1878 judicio

185 1897 353 1956 riderentur.

225 2089 339 2149 XXIX.
369 2089 472 2148 Omnis
491 2091 578 2169 igitur
590 2109 637 2150 res
651 2093 771 2150 eandem
785 2094 870 2152 habet
882 2104 966 2152 natu-

185 2205 245 2247 ram
279 2187 450 2266 ambigendi,
478 2187 514 2244 de
540 2189 597 2263 qua
629 2189 716 2264 qunti
748 2199 778 2246 et
810 2190 964 2266 disceptari

184 2296 286 2362 potest,
307 2286 414 2344 sivein
435 2285 553 2343 infinitis
575 2285 831 2342 consultationibus
854 2287 966 2364 discep-

139 2393 171 2442 Ι)
184 2391 269 2452 tator,
293 2383 352 2440 sive
375 2383 404 2439 in
428 2382 463 2439 iis
486 2382 580 2440 causis
602 2399 666 2456 qua
688 2382 717 2438 in
741 2381 857 2440 civitate
879 2393 908 2440 et
931 2384 965 2442 in

184 2475 288 2534 forensi
308 2478 513 2554 disceptatione
532 2488 694 2535 versantur:
718 2495 811 2554 neque
829 2490 873 2539 est
893 2480 964 2554 ulia,

183 2591 246 2649 quae
267 2591 323 2630 non
345 2585 393 2630 aut
413 2573 448 2630 ad
468 2572 662 2649 cognoscendi
677 2583 725 2630 aut
739 2574 773 2631 ad
788 2575 892 2651 agendi
904 2577 965 2636 vim

183 2671 377 2744 rationemque
396 2669 540 2727 reseratur.
588 2670 665 2728 Nam
685 2681 733 2728 aut
753 2672 815 2748 ipsa
834 2674 965 2751 cognitio

182 2767 225 2825 rei
251 2765 424 2840 scientiaque
449 2766 634 2842 perquiritur3
662 2777 703 2838 ut,
718 2767 817 2827 Virtus
842 2788 965 2830 mantne

137 2873 295 2941 mpropter
315 2862 491 2939 dignitatem,
513 2881 548 2920 an
565 2872 679 2937 propter
705 2864 813 2923 fructus
840 2866 962 2941 aliquos,

182 2961 348 3034 expetatur?
369 2969 417 3017 aut
436 2958 538 3036 agendi
558 2959 710 3016 consilium
730 2962 896 3036 exquiritur,
916 2973 962 3036 ut,

183 3055 265 3115 Sitne
278 3055 398 3132 sapienti
408 3054 583 3132 capessenda
594 3054 775 3131 respubliest
814 3057 964 3135 Cognitio-
