2167 3525
113 304 204 365 unm
392 307 435 355 un
456 308 617 356 parrone.
880 300 934 357 141

112 455 205 526 diam;
233 455 386 514 dummodo
411 457 467 515 hoe
487 470 609 531 constet,
629 478 721 535 neque
741 459 889 517 infantiam

112 551 183 627 ejus,
203 550 329 625 quirem
349 551 432 625 nutrit,
453 555 503 611 sed
523 573 586 613 eam
605 556 748 631 explieare
767 556 890 615 dieendo

111 666 170 706 non
185 658 278 722 queat,
292 666 385 723 neque
405 650 584 708 inscientiam
605 651 690 725 illius,
705 653 753 710 eni
772 672 890 712 resnou

112 753 252 819 suppetat,
279 746 365 803 rerba
397 765 454 803 non
481 746 584 819 desint,
611 766 674 805 esse
702 749 887 806 laudandam:

113 857 232 913 quorum
247 840 271 897 si
285 839 404 898 alterurn
417 842 454 899 sit
466 843 630 918 optandum,
645 843 740 901 malim
758 844 889 918 equidem
905 852 921 899 5

112 934 276 993 indisertam
302 937 492 1011 prudentiam,
513 957 598 1013 quam
621 940 769 997 stultitiam
794 940 890 1015 loqua-

113 1048 184 1089 eem.
404 1032 412 1049 '

151 1128 202 1185 Sin
222 1129 383 1203 querimus,
404 1129 472 1204 quid
491 1148 579 1187 unum
605 1131 725 1189 excellat
744 1150 780 1188 ex
799 1132 888 1189 onmi-

112 1223 173 1295 bus,
198 1223 282 1282 docto
307 1226 410 1283 oratori
436 1225 530 1301 palma
552 1226 646 1285 danda
668 1237 726 1284 est:
757 1246 841 1302 quem
864 1228 889 1284 si

111 1319 256 1395 patiuntur
289 1321 411 1379 eundem
444 1340 506 1380 esse
538 1322 746 1398 philosophum,
779 1322 890 1380 sublata
904 1331 935 1379 1⁰

112 1416 302 1473 controversia
315 1426 364 1473 est.
406 1418 458 1474 Sin
471 1436 521 1475 eos
535 1418 712 1494 disjungent;
732 1417 790 1475 hoe
807 1429 890 1477 erunt

112 1511 269 1583 inferiores,
284 1512 358 1586 quod
371 1512 402 1569 in
416 1523 527 1570 oratore
546 1513 674 1588 perfeeto
690 1514 764 1570 inest
777 1513 889 1571 illorum

112 1606 206 1663 omnis
219 1607 349 1679 seientia,
360 1608 389 1665 in
400 1608 631 1684 philosophorum
645 1618 739 1666 eutem
752 1610 890 1686 cognitio·

112 1722 149 1760 ne
162 1718 220 1759 non
239 1703 376 1760 continuo
395 1705 469 1764 inest
489 1704 665 1781 eloquentia3
686 1723 748 1779 quea
762 1705 888 1781 quamvis

113 1810 310 1857 contemnatur
331 1801 365 1858 ab
385 1801 436 1873 eis,
453 1819 571 1859 neeesse
589 1811 633 1858 est
651 1810 746 1858 temen
767 1801 889 1876 aliquem
904 1806 935 1854 15

113 1898 257 1957 cumulum
272 1899 382 1957 illorum
404 1897 509 1956 artib'us
526 1898 626 1956 afferre
639 1897 773 1955 videatur.
816 1897 890 1956 Here

113 2011 178 2051 eum
193 1995 312 2053 Crassus
326 1995 451 2066 dixisset,
462 2012 611 2071 parumper
624 2003 653 2051 et
667 1993 727 2069 ipse
740 1995 887 2066 euntieuit,

113 2098 141 2146 et
155 2090 257 2146 ueteris
270 2089 413 2147 silentium
427 2089 487 2146 suit.
878 2105 881 2112 ·

152 2279 295 2338 XXXVI.
326 2280 403 2337 Turn
417 2279 512 2351 Cotta,
526 2279 678 2353 Equidem,
692 2279 793 2354 inquit,
808 2279 890 2338 Gras-

114 2396 155 2449 se,
175 2395 233 2434 non
253 2395 366 2452 possum
388 2375 476 2450 queri,
490 2375 566 2450 quod
586 2375 655 2431 mihi
675 2375 788 2435 videare
814 2377 937 2435 aliudue

114 2473 301 2550 quiddamst
314 2491 372 2529 non
392 2471 421 2529 id
441 2471 515 2546 quod
534 2471 701 2546 suseeperis,
715 2472 889 2548 disputlsse3

113 2570 177 2646 plus
204 2569 279 2626 enirn
307 2568 450 2643 aliquanto
478 2566 605 2639 attulisti,
631 2587 714 2643 quern
741 2569 793 2626 tibi
816 2579 891 2626 esset

116 2667 251 2723 tributum
271 2665 387 2722 anobis
407 2682 441 2720 ae
461 2663 674 2721 denuntiatum:
694 2665 745 2721 sed
764 2675 843 2721 eerte
862 2674 891 2722 et

114 2761 157 2819 hee
171 2771 264 2838 partes
278 2761 391 2817 fuerunt
404 2769 469 2830 tuae,
484 2760 520 2817 de
534 2759 700 2817 illustrandi
717 2759 845 2817 oratione
858 2769 891 2817 ut

115 2857 235 2929 diceres,
259 2866 289 2914 et
314 2875 376 2914 eres
403 2855 462 2932 ipse
486 2856 545 2931 jam
571 2855 723 2931 ingressus,
749 2865 831 2930 atque
861 2856 890 2913 in
905 2861 938 2910 25

115 2963 234 3028 quatuor
247 2963 340 3028 partes
354 2971 467 3010 omnem
487 2951 624 3009 orationis
642 2950 754 3008 leudem
768 2952 891 3028 deserip

115 3065 209 3107 seras:
233 3065 354 3124 eumque
374 3047 410 3104 de
430 3047 540 3104 duabus
559 3045 658 3121 primis
675 3045 759 3103 nobis
777 3047 891 3123 quidem
