2167 3525
102 315 181 377 nrrr
385 318 427 365 nr:
449 315 611 365 ourruun.
893 303 933 363 tt

141 464 263 524 Movent
283 464 331 525 illa
349 468 444 539 etiem,
464 486 526 543 qun
547 466 715 544 oonjeotnrl
734 464 887 541 explanat·

7 568 8 635 ζ
100 573 147 621 tur
173 562 262 641 longe
287 564 378 637 uliter,
401 574 485 639 utque
511 573 587 636 nint,
606 564 658 621 ned
686 571 779 634 acute,
801 571 885 636 utque

101 660 262 731 eunoiune;
284 670 325 733 ut,
340 680 406 719 cunr
427 658 554 719 Scaurus
575 668 723 718 aeousuret
741 656 886 717 Rutilium

102 756 236 830 ambitis,
250 776 317 815 enm
336 758 398 835 ipse
412 758 513 815 oonsul
525 768 602 816 esset
614 757 718 829 suetus,
732 755 780 813 ille
793 752 886 831 repul·

102 872 163 911 sam
177 854 296 927 tulisset,
309 864 340 912 ot
353 855 382 913 in
397 855 458 932 ejus
477 854 583 913 tabulis
602 853 765 912 ostenderet
776 850 915 923 literius

102 948 140 1007 A.
154 948 188 1009 F.
202 948 233 1008 P.
247 948 287 1008 R.
315 950 399 1028 idque
430 951 538 1009 diceret
565 969 637 1024 esse,
664 950 802 1008 “Actum
828 947 886 1007 fide

102 1044 135 1103 P.
146 1044 249 1105 Rutilii
259 1048 289 1117 ;''
311 1043 441 1106 Rutilius
455 1058 559 1121 autern,
571 1054 590 1081 “
600 1048 678 1105 Ante
690 1046 810 1121 suetum,
818 1054 885 1123 port

102 1142 263 1215 relutum;”
298 1140 333 1201 Ο.
356 1142 479 1216 Oenius,
506 1162 594 1221 eques
624 1140 787 1215 Romanus,
817 1158 884 1199 euru

101 1233 182 1295 Rufo
216 1238 336 1311 adesset,
362 1239 512 1313 exclamet,
539 1250 674 1298 neutrum
706 1237 763 1296 illie
791 1236 885 1295 literis

101 1334 249 1393 declarari.
313 1331 422 1398 “Quid
458 1333 571 1413 ergot”
612 1334 704 1411 inquit
740 1334 930 1404 Sonurus310

101 1430 261 1489 “AEmilius
274 1431 353 1504 lecit,
366 1432 501 1507 plectitur
514 1427 671 1489 Rutilius.”

141 1618 236 1682 Lxx.
266 1622 412 1682 ‘Ridentur
432 1624 519 1683 etium
532 1622 733 1701 dinorepuntie.
774 1617 884 1687 “Quid

7 1771 8 1774 ,
99 1720 170 1779 huio
191 1720 280 1793 abest,
294 1720 350 1778 nisi
371 1717 602 1780 renetvirtuol”
642 1716 723 1780 Belle
740 1719 885 1779 etiumert

100 1817 248 1876 familiaris
267 1817 460 1893 reprehensio,
482 1819 564 1895 quasi
590 1817 727 1890 errantis3
764 1828 796 1876 ut
815 1836 882 1876 oum

100 1912 260 1991 objurgavit
293 1912 397 1972 Albius
428 1913 579 1988 Granium,
607 1915 695 1992 quud,
721 1935 787 1975 eum
821 1915 883 1992 ejus
898 1924 928 1972 15

100 2011 205 2068 tubulis
225 2011 359 2087 quiddam
373 2011 500 2070 Albucio
511 2013 668 2088 probatum
686 2010 840 2084 videretur,
853 2023 883 2069 et

101 2107 182 2165 vuldo
203 2107 331 2167 absoluto
351 2108 480 2166 Suevoli
501 2108 653 2186 gauderet3
673 2126 767 2184 neque
780 2107 883 2166 intelli·

101 2213 190 2280 geret,
204 2213 305 2262 contre
317 2221 383 2260 suns
397 2204 508 2261 tabulas
527 2221 591 2260 moe
608 2201 768 2280 judicatum
786 2198 805 2237 *
826 2201 843 2236 *
863 2201 882 2239 l

140 2297 218 2357 Hnio
238 2297 339 2356 similis
358 2309 401 2356 est
420 2299 507 2356 etiarn
535 2297 691 2356 admonitio
710 2297 740 2356 in
760 2294 882 2356 consilio

101 2393 195 2451 dendo
221 2393 379 2465 familiaris,
406 2403 447 2465 ot,
472 2411 538 2451 oum
564 2402 685 2470 patrono
711 2391 794 2466 mulo,
815 2411 881 2452 oum
895 2407 927 2456 20

100 2506 199 2548 vooem
212 2490 244 2548 in
258 2489 381 2549 dicendo
404 2489 571 2563 obtudiseet,
591 2489 728 2548 nuudebut
746 2490 881 2562 Granius,

99 2595 132 2642 ut
151 2586 278 2644 mulsum¹
299 2585 434 2664 frigidum
462 2585 582 2659 biberet,
603 2585 686 2645 simul
711 2605 745 2645 no
765 2586 881 2646 domum

100 2681 235 2753 redisoen
270 2683 447 2755 “Perdum,”
483 2683 585 2758 inquit,
619 2687 757 2754 “rooem,
790 2684 815 2740 oi
851 2683 881 2740 id

100 2778 234 2838 t'eoero:''
263 2777 398 2837 “Melius
420 2781 491 2851 est,'’
514 2779 616 2854 inquit,
638 2785 751 2856 “quum
769 2781 879 2836 reum.''

139 2873 251 2933 Bellum
271 2876 356 2932 etiarn
377 2886 429 2947 est,
451 2895 527 2946 oum,
545 2875 614 2951 quid
633 2876 737 2951 cuique
757 2875 794 2932 sit
814 2894 881 2934 con-
894 2887 932 2937 25·

98 2980 277 3043 senteneum,
291 2970 411 3039 dicitur3
433 2980 473 3042 ut,
489 2989 554 3028 oum
570 2971 696 3028 Scaurus
715 2971 880 3030 nonnullam

98 3065 217 3122 haberet
236 3065 371 3124 invidiam
391 3085 426 3124 ex
446 3085 491 3137 eo,
512 3067 588 3142 quod
607 3063 777 3143 Phrygionis
800 3067 881 3124 Pom·
