2167 3525
121 254 182 323 '1oe
444 278 486 327 aa
508 279 670 327 omroan.
857 278 949 341 [nm.

170 424 386 503 reprehendere,
400 430 536 504 quoniam
556 429 701 488 Antonius
717 428 787 487 milri
801 438 830 487 te
840 428 951 487 timilli-

169 542 247 581 mum
267 524 338 583 dixit
358 526 412 583 sibi
432 516 530 585 videri.
571 524 650 584 Tam
671 525 729 598 ille,
746 524 838 603 [Tum
858 526 949 607 quod]

169 620 280 679 monuit
305 621 392 694 idem,
419 632 450 680 ut
477 641 521 695 ea,
545 641 609 698 que
635 623 664 680 in
691 642 802 698 quoque
828 624 953 681 maxima

169 728 273 790 essent,
288 718 480 776 imitaremur:
501 737 537 775 ex
556 738 614 794 quo
633 736 741 790 vereor,
755 737 792 776 ne
806 714 877 776 nihil
897 720 952 777 sim

138 814 221 886 etui,
236 814 293 872 niai
314 814 523 891 suppletionem
544 815 634 891 pedis,
655 815 791 886 imitatus,
811 828 841 872 et
858 834 953 891 pauca

170 910 299 985 quedam
326 911 420 982 verba,
448 921 477 968 et
500 911 643 986 aliquem,
669 910 694 969 ai
727 910 806 982 sorte,
826 921 951 977 motum.

170 1004 248 1083 Ergo
269 1006 332 1077 ista,
347 1007 440 1083 inquit
459 1008 590 1081 Crassus,
609 1026 671 1083 qua
692 1007 779 1065 habes
793 1026 810 1064 a
822 1026 878 1078 me,
891 1026 952 1065 non

169 1102 356 1177 reprehendo,
377 1123 414 1161 ne
434 1106 575 1181 meipsum
594 1104 743 1162 irrideam:
764 1114 829 1161 sant
857 1114 952 1161 autem

170 1206 235 1256 mea'
248 1200 336 1259 multo
355 1210 383 1259 et
400 1201 491 1277 plura,
506 1212 535 1258 et
548 1201 665 1277 majora,
680 1219 764 1276 quam
777 1200 867 1257 dicis:
889 1219 952 1276 quae

125 1302 156 1351 1⁰
171 1304 265 1353 autem
285 1306 351 1353 aunt
372 1308 420 1354 aut
439 1308 489 1355 tua
507 1297 664 1373 placeant
682 1296 839 1354 imitatione
852 1315 889 1353 ex
902 1296 952 1353 ali-

170 1408 226 1467 quo
249 1411 390 1469 expressa,
412 1393 448 1451 de
471 1394 506 1452 iis
529 1404 568 1465 te,
588 1393 613 1451 ai
636 1393 685 1469 qui
708 1411 753 1451 me
776 1392 848 1450 forte
868 1392 952 1449 locas

171 1487 359 1562 admonuerit,
374 1490 570 1549 commonebo.

209 1682 294 1741 XIII.
325 1682 530 1741 Pretereamus
558 1683 644 1762 igitur
676 1692 817 1762 precepta
848 1682 951 1741 Latine

170 1777 314 1853 loquendi,
339 1795 401 1854 que
423 1781 539 1856 puerilis
562 1781 693 1838 doctriua
716 1781 810 1852 tradit,
834 1791 863 1838 et
887 1782 952 1838 sub-

125 1882 155 1932 15
170 1873 245 1931 tilior
266 1875 393 1951 cognitio
415 1893 449 1934 ae
467 1877 539 1933 ratio
560 1877 704 1934 literarum
729 1877 788 1949 alit,
809 1888 858 1934 aut
883 1895 952 1935 con·

169 1969 290 2027 suetudo
310 1971 448 2028 sermonis
474 1971 631 2047 quotidiani
652 1991 686 2030 ac
706 1973 864 2045 domestici,
884 1973 951 2031 libri

169 2065 348 2138 confirmant,
363 2077 391 2124 et
414 2067 500 2125 lectio
521 2078 648 2125 veterum
671 2079 825 2142 oratorum,
839 2080 868 2126 et
882 2057 952 2145 poe-

168 2173 270 2223 tarum.
310 2163 414 2239 Neque
433 2183 501 2222 vero
521 2164 552 2221 in
572 2165 620 2222 illo
641 2165 729 2224 altero
749 2166 855 2223 diutius
875 2185 951 2224 com·

169 2276 320 2332 moremur,
342 2269 373 2318 ut
392 2259 578 2338 disputemus,
599 2262 702 2336 quibus
728 2263 813 2319 rebus
840 2262 951 2338 assequi
1014 2326 1017 2329 ,

122 2365 155 2416 2⁰
168 2355 317 2432 possimus,
344 2365 376 2413 ut
409 2375 453 2429 ea,
480 2377 541 2434 que
574 2357 713 2429 dicamus,
746 2358 948 2435 intelligantur.

169 2450 271 2510 Latine
284 2451 396 2510 scilicet
409 2453 541 2524 dicendo,
554 2454 646 2511 verbis
658 2454 779 2525 usitatis,
791 2473 825 2512 ae
838 2455 950 2532 proprie

168 2546 428 2606 demonstrantibus
442 2565 485 2620 ea,
499 2567 562 2623 quaa
581 2549 736 2626 significari
757 2569 791 2607 ac
810 2551 949 2608 declarari

168 2643 305 2716 volemus,
319 2643 382 2700 aine
403 2643 536 2720 ambiguo
556 2646 643 2702 verbo
664 2656 712 2703 aut
731 2663 871 2718 sermone,
890 2667 949 2704 aon

167 2739 253 2798 nimia
273 2739 360 2817 longi
380 2739 597 2798 continuatione
616 2740 777 2813 verborum,
790 2761 849 2815 non
867 2742 950 2801 valde

121 2837 312 2912 &productis
339 2836 383 2907 iis,
405 2855 467 2911 qua
493 2836 687 2894 similitudinis
714 2838 802 2895 causi
827 2857 863 2896 ex
886 2839 949 2897 aliia

167 2931 252 2990 rebus
277 2932 494 3005 transferuntur,
521 2951 579 2990 non
606 2931 756 3009 discerptis
789 2935 948 3007 sententiis,

168 3046 226 3088 non
238 3029 417 3105 praeposteris
429 3028 615 3106 temporibus,
628 3047 688 3087 non
707 3029 834 3088 confusia
852 3049 949 3107 perso-
