2167 3525
116 277 195 339 nn]
397 278 439 325 ns
460 276 623 325 cernone.
903 266 942 327 57

113 425 238 502 linquas,
259 426 367 485 nihilne
387 427 513 485 noceesl
552 425 588 483 In
607 443 665 501 quo
683 442 747 503 ego,
762 442 820 483 nou
839 441 898 501 quo

113 522 238 580 libenter
257 523 331 581 male
351 522 475 594 audiam,
489 522 540 579 sed
561 522 628 597 quia
640 539 696 599 ego
709 539 824 579 causent
838 537 897 578 non

113 618 237 677 libenter
269 619 408 694 relinquo,
442 618 563 677 nimium
595 618 706 695 patiens
737 627 767 675 et
801 617 897 675 lentus

115 716 276 786 existimor;
304 726 345 787 ut,
366 734 432 773 cum
451 726 481 773 te
501 716 605 791 ipsum,
625 713 747 789 Sulpici,
766 714 897 791 objurga·

115 812 191 886 bam,
212 813 287 888 quod
308 812 527 871 ministratorem
548 821 669 887 peteres,
690 829 748 869 non
769 815 925 869 adversa-5

114 908 196 967 rium
238 908 358 984 Exque
378 908 463 967 etiem
484 907 555 965 illud
576 925 719 982 assequor,
739 916 781 976 ut,
794 906 819 963 si
832 905 896 982 quis

114 1005 184 1063 mihi
198 1005 360 1075 maledicat,
374 1004 514 1079 petulans,
530 1013 578 1061 aut
590 1003 675 1079 plane
692 982 819 1074 insanos,
832 1021 896 1061 esse

114 1102 251 1159 videatur.

152 1198 188 1255 In
202 1197 271 1273 ipsis
285 1207 378 1255 autem
394 1196 567 1275 argumentis
580 1195 686 1272 siquid
704 1195 835 1271 posueris
847 1205 896 1253 aut

115 1304 211 1370 aperte
231 1294 343 1364 falsum,
364 1303 412 1352 aut
437 1293 475 1363 ei,
496 1293 573 1367 quod
598 1292 713 1363 dixeris,
734 1291 896 1351 dicturusve
912 1298 941 1349 1⁰

114 1390 164 1459 eis,
179 1389 364 1460 contrarium,
379 1399 428 1447 aut
441 1407 547 1465 genere
564 1387 625 1462 ipso
638 1396 780 1443 remotum
793 1387 829 1443 nb
843 1405 896 1443 usu

111 1473 288 1563 juditiorum
322 1503 356 1541 ac
389 1485 461 1556 loro,
494 1483 604 1540 nihilne
636 1482 762 1539 noceasl
814 1481 897 1544 Quid

115 1580 225 1639 multet
252 1579 345 1638 omnis
372 1598 442 1637 cure
469 1598 532 1636 mee
558 1578 630 1635 solet
656 1577 686 1636 in
713 1576 767 1635 hoc
792 1578 897 1635 versari

115 1694 237 1751 semper,
253 1674 361 1751 (dicem
382 1674 459 1733 enim
479 1674 596 1752 sepius)
616 1672 641 1730 si
654 1672 769 1748 possim,
785 1681 816 1729 ut
829 1672 895 1730 boni

115 1773 222 1848 aliquid
242 1771 364 1832 efficiam
385 1770 525 1841 dioend03
546 1770 591 1829 sin
604 1769 634 1827 id
647 1769 751 1841 minus,
766 1778 798 1828 ut
817 1779 896 1830 certe
910 1782 940 1835 to

114 1868 220 1946 nequid
234 1867 309 1927 mali.

153 2061 292 2122 LXXVI.
322 2061 422 2137 Itaque
438 2080 516 2119 nunc
536 2061 606 2119 illoc
624 2060 722 2132 redeo,
736 2060 849 2132 Catule,
864 2061 894 2117 in

115 2179 172 2236 quo
196 2169 228 2216 tu
254 2177 301 2216 me
325 2159 411 2234 paulo
437 2167 503 2216 ante
528 2156 675 2227 laudabas,
703 2155 738 2212 ad
764 2155 895 2212 ordinem

115 2255 391 2328 collocutionemque
423 2271 518 2310 rerum
552 2270 586 2308 ac
613 2252 752 2308 locorum.
806 2250 896 2327 Cujus

114 2353 188 2412 ratio
213 2362 257 2410 est
283 2350 404 2426 duplex:
439 2349 536 2418 altera,
564 2366 649 2422 quarn
683 2347 763 2404 all'ert
795 2357 896 2406 natura
909 2357 940 2410 2⁰

114 2468 282 2520 causarum
304 2449 400 2517 altera,
421 2465 484 2521 que
504 2455 648 2502 oratorum
665 2443 775 2520 judicio
788 2454 817 2502 et
829 2463 895 2520 pra·

114 2545 212 2604 dentii
232 2553 420 2620 comparatur.
461 2540 549 2612 Nem,
570 2550 602 2598 ut
622 2540 727 2615 aliquid
749 2550 815 2599 ante
834 2559 895 2600 rem

114 2643 255 2713 dicamus,
282 2639 396 2710 deinde,
424 2647 455 2696 ut
481 2657 540 2695 rem
568 2655 751 2712 exponemus,
775 2645 838 2712 post
863 2646 901 2694 nt

114 2757 179 2799 enm
204 2738 357 2814 probemus
382 2734 487 2792 nostris
512 2733 653 2809 presidiis
677 2731 894 2804 confirmandis,

115 2834 267 2896 contrariis
299 2831 464 2902 refutandis,
491 2830 596 2888 deinde
622 2839 653 2886 ut
680 2829 894 2900 concludamus,
908 2841 941 2893 z

115 2942 200 3005 atque
221 2930 260 2988 ita
278 2945 453 3006 peroremus,
472 2925 528 2986 hoc
549 2924 665 2983 dicendi
684 2943 775 3001 genus
794 2934 896 2986 natura

114 3028 178 3105 ipsa
190 3024 354 3102 prescribit.
