2167 3525
129 294 168 354 78
447 303 490 351 nu
511 304 673 351 currens.
872 302 956 363 [aaa

172 450 243 511 riam
264 450 420 529 imaginum
438 453 575 528 pondere,
589 462 618 511 et
637 451 786 511 obscurari
805 450 891 511 etiam
911 450 954 523 id,

173 547 247 623 quud
261 565 311 623 per
324 566 356 605 se
368 558 470 606 natura
483 558 582 607 tenere
600 548 747 624 potuisset.
788 547 858 606 Vidi
874 548 955 607 enim

172 661 227 721 ego
242 662 367 703 summos
386 644 524 717 homines,
538 654 568 703 et
581 644 677 703 divini
696 663 784 721 prope
803 644 954 716 memorii,

172 739 295 797 Athenis
327 740 527 813 Charmadam,
558 741 587 799 in
621 741 694 799 Asit
727 741 825 820 (quem
858 740 955 801 rivere

143 836 257 895 fihcdie
286 836 378 916 ciunt)
412 837 564 913 Scepsium
596 836 803 910 Metrodorum,
830 856 955 913 quorum

172 942 300 1007 uterque,
321 942 456 1009 tauquam
482 932 573 991 literis
596 934 626 991 in
646 934 723 1006 ceri,
744 933 787 992 sic
806 952 838 992 se
857 934 955 995 aiebat

171 1028 342 1105 imaginibus
373 1028 403 1087 in
434 1028 470 1087 iis
504 1029 587 1101 locis,
616 1048 689 1105 quos
722 1029 848 1102 haberet,
889 1049 954 1107 qum

171 1123 336 1181 meminisse
355 1124 449 1197 vellet,
468 1126 654 1200 perscribere.
697 1125 798 1188 Quare
824 1126 880 1184 hec
904 1144 954 1183 ex-

171 1220 339 1280 ercitatione
370 1240 428 1279 non
455 1223 582 1280 eruenda
614 1222 754 1281 memoria
777 1232 830 1294 est,
857 1223 882 1280 si
908 1234 954 1281 est

128 1327 158 1379 10
170 1316 249 1375 nulla
274 1318 426 1389 naturalis;
461 1318 512 1376 sed
547 1329 634 1390 certe,
662 1318 686 1377 si
718 1318 797 1391 latet,
830 1337 953 1377 evocan-

170 1413 207 1471 da
226 1423 277 1472 est.

210 1510 331 1570 Habetis
367 1530 526 1569 sermonem
561 1512 635 1570 bene
667 1511 784 1589 longum
818 1512 951 1584 bominis,

171 1607 280 1666 utinam
293 1624 349 1667 non
364 1608 535 1683 impudentis
543 1628 551 1679 ;
573 1608 643 1666 illud
661 1608 775 1684 quidem
789 1618 877 1680 certe,
890 1628 952 1667 nou

171 1703 256 1764 nimis
282 1704 452 1775 verecundi;
478 1704 526 1780 qui
551 1704 676 1780 quidem,
696 1714 757 1762 tum
776 1714 815 1777 te,
836 1704 950 1778 Catule,

127 1813 158 1864 15
170 1809 229 1859 tum
244 1800 330 1858 etiam
344 1801 376 1858 L.
392 1799 495 1858 Crasso
516 1801 659 1872 audiente,
673 1801 709 1860 de
729 1802 847 1860 dicendi
866 1803 952 1862 ratic-

169 1914 207 1954 ne
219 1905 277 1952 tam
291 1897 379 1953 multa
392 1895 527 1967 dixerim3
548 1915 615 1954 nam
629 1897 748 1954 istorum
769 1909 836 1956 etas
856 1899 951 1958 minus

170 2010 215 2050 me
235 1992 353 2050 fortasse
372 2011 486 2050 movere
506 1992 613 2052 debuit.
653 1994 711 2051 Sed
732 1994 802 2053 mihi
821 1996 952 2073 ignosce·

169 2089 207 2148 tis
224 2088 363 2166 proiecto,
383 2089 407 2147 si
427 2089 522 2162 modo,
544 2109 607 2165 que
633 2109 721 2148 causa
746 2111 791 2150 me
819 2092 950 2151 adhunc

169 2186 310 2246 insolitam
336 2187 406 2246 mihi
430 2187 631 2264 loquacitatem
655 2187 806 2263 impulerit,
832 2208 950 2266 accepe-

124 2283 238 2342 mritis.

207 2474 377 2534 LXXXIX.
409 2475 472 2533 Nos
485 2495 563 2549 veru,
577 2477 669 2554 inquit
682 2478 813 2552 catulus,
827 2478 949 2557 (etenim

167 2589 220 2650 pro
239 2589 285 2630 me
304 2571 370 2643 boc,
385 2581 413 2630 et
430 2590 482 2648 pru
502 2591 567 2630 meu
587 2574 683 2645 fratre,
703 2577 875 2657 respondeo)
889 2596 949 2636 non

168 2669 254 2728 modo
268 2668 319 2728 tibi
333 2667 517 2745 ignoscimus,
528 2669 579 2726 sed
593 2679 622 2727 te
634 2670 789 2748 diligimus,
804 2692 949 2751 maguam·

168 2785 224 2841 que
236 2764 289 2825 tibi
303 2765 440 2823 habemus
455 2765 591 2843 gratiam3
612 2777 721 2825 etcum
742 2768 949 2830 humanitatem

122 2869 154 2922 26
168 2873 197 2920 et
211 2861 374 2922 facilitatem
395 2862 577 2939 agnoscimus
595 2872 683 2935 tuam,
697 2874 759 2922 tum
775 2865 949 2926 admiramur

168 2956 250 3018 istam
271 2957 417 3017 scientiam
432 2967 461 3016 et
474 2957 595 3034 copiam.
636 2958 777 3035 Equidem
790 2961 876 3021 ctiam
890 2963 949 3026 boc

167 3072 215 3120 me
238 3063 397 3114 assecutum
419 3063 498 3130 puto,
522 3054 598 3130 quod
621 3073 726 3134 magno
751 3076 814 3117 aum
838 3058 947 3120 levatus
