2167 3525
130 303 169 363 to
442 314 489 361 nn
511 314 673 361 carrona.
873 311 954 371 [un

177 464 261 523 alium
273 482 336 523 esse
346 464 415 541 joci,
427 464 510 523 aliam
521 464 695 533 severitatis3
716 462 845 541 grumum
860 471 954 519 autem

176 569 205 618 et
221 560 351 637 jocorum
372 580 458 619 unam
471 580 534 618 esse
554 560 702 617 rationem.
742 558 856 616 Ornant
869 558 955 635 igitur

176 656 314 733 imprimis
327 658 485 715 orationem
499 658 586 715 verba
598 657 687 714 relata
700 656 859 725 contrarie3
879 654 955 730 quod

177 753 252 811 idem
265 774 356 831 genus
371 773 446 830 saepe
459 764 502 811 est
515 754 602 811 etiam
622 753 762 822 facetum3
783 764 825 823 ut,
840 750 957 808 Servius

146 850 224 909 tille
250 852 352 924 Galba,
376 871 442 910 cum
465 851 579 928 judices
604 850 638 907 L.
662 848 815 907 Scribonio
840 848 955 905 tribuno

175 946 267 1023 plebis
286 947 371 1005 ferret
398 947 551 1005 familiares
576 966 652 1018 suos,
672 956 701 1003 et
727 944 844 1003 dixisset
870 943 955 1014 Libo,

177 1043 332 1106 “Quando
355 1046 480 1118 tandem,
500 1044 603 1115 Galba,
624 1044 661 1100 de
680 1041 806 1100 triclinio
828 1051 878 1099 tuo
898 1042 957 1097 exi·

176 1140 263 1198 bisl”
305 1148 324 1174 “
334 1141 408 1199 Cum
421 1143 481 1212 tu,''
495 1140 596 1215 inquit,
608 1147 627 1173 “
637 1140 673 1196 de
684 1138 819 1197 cubiculo
833 1138 954 1195 alieno.”

177 1237 274 1313 Aquo
286 1256 392 1315 genere
405 1256 442 1295 ne
462 1238 533 1295 illud
553 1237 668 1313 quidem
687 1236 841 1311 plurimum
861 1234 955 1305 distat,

133 1336 252 1410 lo'quod
285 1334 407 1393 Glaucia
439 1334 583 1406 Metello,'
603 1333 738 1391 “Villam
771 1332 801 1389 iu
833 1331 955 1389 Tiburte

177 1431 274 1501 habes,
289 1442 398 1490 cortem
411 1430 441 1488 in
454 1431 594 1489 Palatio.’'

215 1625 323 1683 LXVI,
355 1626 401 1683 Ac
428 1627 579 1683 verborum
608 1626 723 1701 quidem
756 1642 862 1701 genera
893 1642 955 1698 que

176 1731 270 1780 essent
297 1722 398 1793 faceta,
425 1722 529 1780 dixisse
556 1740 603 1779 me
628 1733 714 1798 puto:
748 1740 842 1779 rerum
874 1720 956 1796 plura

176 1827 258 1887 sunt3
286 1837 376 1891 eaque
396 1818 487 1894 magis
508 1817 554 1895 (ut
572 1818 632 1874 dixi
653 1820 732 1896 ante)
753 1818 897 1874 ridentur:
925 1816 955 1872 in

131 1919 162 1967 15
176 1914 278 1989 quibus
298 1924 341 1970 est
360 1915 500 1984 narrati03
528 1933 574 1971 res
594 1933 663 1970 sane
682 1913 814 1970 difficilis.
855 1911 956 1987 Expri-

176 2011 279 2067 rnenda
298 2011 375 2068 enim
395 2020 470 2082 sunt,
491 2020 519 2067 et
538 2011 672 2085 ponenda
695 2020 761 2067 ante
780 2009 890 2081 oculos,
910 2026 954 2078 ea,

175 2125 237 2182 que
248 2107 395 2164 videantur
406 2125 468 2163 esse
478 2106 645 2163 verisimilia
654 2105 743 2182 (quod
754 2115 798 2162 est
810 2102 956 2181 proprium

175 2203 370 2284 narrationis),
384 2213 413 2260 et
427 2223 489 2279 quae
503 2203 561 2260 sint
574 2202 664 2279 (quod
684 2202 799 2260 ridiculi
812 2202 956 2279 proprium

176 2300 233 2379 est)
245 2301 407 2377 subturpia:
429 2301 511 2377 cujus
524 2300 695 2375 exemplum,
708 2309 739 2356 ut
748 2299 955 2368 brevissimum,

130 2403 162 2452 2⁰
176 2395 213 2452 sit
232 2415 301 2452 sane
321 2397 401 2468 illud,
416 2397 491 2471 quod
513 2407 579 2453 ante
598 2397 691 2471 posui,
706 2395 803 2452 Crassi
817 2396 852 2451 de
866 2394 957 2451 Mena-

176 2489 241 2548 mio.
282 2491 321 2547 Et
341 2491 376 2547 ad
398 2491 454 2548 hoc
481 2510 573 2568 genus
594 2492 769 2548 ascribamus
788 2490 874 2547 etiam
894 2508 958 2546 nar·

176 2585 301 2644 rationes
315 2586 506 2664 apologorum.

215 2681 353 2739 Trahitur
373 2682 458 2738 etiarn
485 2681 591 2756 aliquid
618 2700 655 2740 ex
680 2681 808 2754 historia,
829 2692 870 2752 ut,
891 2701 957 2740 cum

175 2779 240 2836 Sex.
262 2777 359 2836 Titius
379 2797 410 2835 se
429 2777 619 2836 Cassandram
639 2797 702 2835 esse
720 2778 839 2850 diceret,
854 2785 873 2812 “
884 2777 958 2836 Mul·

129 2876 248 2946 ffitosss'
276 2875 368 2950 inquit
399 2875 551 2946 Antonius,
580 2882 721 2951 “possum
754 2885 819 2933 tuos
852 2876 958 2952 Ajaces

175 2971 275 3030 Oileos
295 2973 470 3030 nominare.''
525 2972 578 3030 Est
598 2973 684 3030 etiarn
705 2991 740 3030 er
759 2972 957 3046 similitudine,
1076 3026 1077 3039 ,

176 3089 238 3148 que
260 3079 307 3128 aut
327 3069 509 3128 collationem
529 3069 625 3142 habet,
640 3079 689 3128 aut
707 3079 843 3145 tanquam
860 3071 959 3147 imagi-
