2167 3525
124 298 215 360 uui]
403 292 445 347 ou
467 294 626 356 carucae,
886 290 940 351 lot

123 468 154 507 ce
168 466 267 507 omnes
285 446 344 505 lbra
365 448 526 506 Socraticos
545 466 608 505 esse
627 448 771 520 dicerent3
791 448 896 507 Eretri-

124 559 233 617 corum,
260 542 451 617 Herilliorurn,
475 542 696 622 Megaricorum,
722 546 896 621 Pyrrhcoeo·

124 657 187 699 rum
196 663 208 713 ς
231 638 280 699 sed
300 658 334 698 aa
352 640 453 699 horum
471 641 499 699 vi
519 652 548 699 et
567 642 804 719 disputationibus
829 652 897 701 sont

121 735 231 814 jamdiu
250 737 337 795 fracta
355 747 383 796 et
400 737 547 797 exstincta.
588 736 634 795 llx
646 738 702 797 illis
715 750 819 814 autem,
833 758 896 816 que

124 846 334 906 remanentes
357 834 628 910 philosophiaque
654 835 779 912 suscepit
803 841 926 911 patro-5

124 926 231 988 muium
252 929 410 1006 voluptatis,
424 931 476 987 etsi
495 931 542 987 cui
563 949 629 989 vcra
645 931 782 1005 rideatur,
795 925 895 1009 procul
916 969 920 973 v

124 1028 203 1085 abest
229 1036 323 1085 taruco
351 1026 387 1083 ab
412 1042 448 1085 eo
473 1026 543 1099 viro,
569 1046 654 1103 quem
679 1028 840 1104 querimus,
867 1038 897 1087 et

123 1140 207 1199 qoem
241 1133 387 1183 auctorem
414 1122 525 1199 publici
557 1121 679 1196 consilii,
705 1134 735 1183 et
765 1125 896 1203 prendo

123 1222 246 1281 dammis
262 1222 377 1295 docem,
397 1232 426 1279 et
448 1222 594 1280 sententiae
620 1232 702 1299 atque
728 1222 896 1299 eloquentior

121 1319 289 1397 principem,
303 1316 334 1375 in
353 1329 462 1391 senatu,
482 1318 513 1376 io
530 1318 646 1396 populo,
662 1320 696 1377 -in
715 1321 809 1379 causis
827 1320 897 1396 pet>
911 1325 942 1377 lt

122 1415 197 1487 licis,
210 1430 273 1473 esee
286 1415 422 1473 volumus.
462 1414 528 1473 Nec
548 1415 606 1473 ulla
623 1423 719 1473 tamen
734 1415 765 1473 ei·
774 1414 896 1492 philoso-

122 1512 197 1587 plrie
217 1510 266 1569 fiet
285 1511 388 1587 injuria
407 1530 424 1569 a
442 1510 532 1569 nobis.
576 1510 643 1569 Noo
656 1511 732 1569 enim
746 1512 896 1587 repelletur

124 1607 202 1680 inde,
216 1624 272 1683 quo
292 1606 407 1684 aggredi
427 1607 538 1684 cupiet:
558 1607 608 1665 sed
622 1606 786 1665 inhortulis
804 1608 897 1683 quies-

125 1714 173 1762 cet
198 1703 266 1776 suis,
286 1704 335 1763 ubi
355 1702 422 1776 vult,
443 1703 492 1762 ubi
511 1702 597 1762 etiam
616 1704 756 1763 recubans
774 1704 896 1763 molliter

124 1812 154 1859 et
181 1801 311 1873 delicate,
331 1819 384 1858 noa
410 1811 509 1859 avocat
529 1819 546 1858 a
565 1801 671 1873 rostris,
692 1821 709 1859 a
732 1801 857 1878 judiciis,
879 1811 941 1861 a15

124 1898 215 1970 curii,
236 1898 353 1956 sortasse
372 1898 520 1976 sapienter,
542 1898 596 1956 lrac
614 1899 768 1975 praesertim
794 1900 895 1975 repub-

124 1995 189 2054 lica.
229 1995 334 2053 Verum
349 2012 403 2072 ego
417 2012 474 2052 uon
494 2013 589 2070 quaero
608 2013 696 2066 nunc,
709 2015 771 2071 quo
784 1994 821 2052 sit
832 1995 895 2072 phi·

124 2091 253 2168 losophia
278 2091 429 2163 verissima,
450 2091 499 2148 sed
525 2111 588 2165 quae
613 2092 718 2148 oratori
744 2090 897 2166 conjuncta

124 2187 254 2244 maxime.
300 2186 399 2248 Quare
419 2186 568 2243 istoscine
587 2186 645 2244 unt
665 2186 837 2242 contumelia
856 2185 896 2242 di·

125 2283 285 2340 mittamus:
306 2291 371 2339 sunt
390 2281 465 2338 enim
486 2291 515 2338 et
535 2281 602 2337 boni
622 2281 684 2352 riri,
700 2290 728 2338 et
749 2280 895 2358 (quoniam
911 2285 943 2335 2⁰

126 2377 180 2435 sibi
195 2377 234 2436 ita
246 2377 388 2453 videntur)
400 2376 491 2446 beati;
512 2385 676 2450 tantumque
686 2394 735 2434 eos
749 2376 895 2434 admonea-

125 2493 198 2547 mus,
218 2484 250 2532 ut
269 2473 348 2545 illud,
369 2473 453 2532 etiarn
473 2473 498 2530 si
517 2482 560 2529 est
578 2472 763 2545 verissimum,
775 2473 894 2532 taciturn

125 2583 230 2643 tamen,
250 2581 384 2646 tanquam
409 2569 581 2645 mysterium,
601 2578 725 2641 teneant,
745 2570 820 2644 quod
842 2590 895 2628 *uc-

126 2667 194 2748 gant
207 2667 310 2724 versari
331 2667 360 2723 in
380 2665 525 2742 republicd
544 2683 606 2722 esse
626 2665 768 2741 sapientis.
808 2665 894 2738 Nam,

126 2765 151 2821 si
171 2765 226 2822 hoo
245 2763 327 2821 nobis
348 2774 430 2838 atque
449 2762 557 2840 optimo
576 2762 679 2836 cuique
696 2763 894 2838 persuaserint,
910 2767 942 2817 25

126 2879 184 2918 non
196 2869 328 2936 poterunt
341 2860 394 2936 ipsi
408 2877 469 2918 esse
484 2857 527 2936 (id
540 2857 616 2934 quod
629 2858 749 2916 maxime
763 2857 894 2938 cupiunt)

126 2955 219 3026 otiosi.

205 3067 268 3108 voa.
282 3071 314 3110 ιι.
340 3091 346 3099 -
407 3043 409 3048 ’
433 3051 473 3111 lt
