2167 3525
139 250 194 310 112
451 261 494 309 nn
515 260 675 309 oneronn.
861 258 955 319 [cnr.

183 408 257 480 dam,
274 419 304 467 et
322 418 502 485 portuosum
523 418 649 467 oratores
670 417 762 467 autern
783 407 813 465 in
832 406 957 468 inferum

182 504 238 563 hoo
263 504 403 578 Tuscum,
426 515 456 563 et
480 506 640 577 barbarum,
665 504 845 579 smprdoanm
871 514 957 579 atque

183 600 325 674 infestum,
345 602 514 674 laberentur,
530 602 562 659 iu
579 620 636 677 quo
654 597 740 659 etiam
760 600 821 677 ipse
839 599 957 676 Ulysses

182 698 310 757 errdsset

151 804 168 853 ⁶
220 793 330 866 Quare,
351 794 376 854 si
398 793 453 853 hac
474 795 636 869 eloquentid
659 806 742 870 utque
764 795 821 853 hoc
843 804 956 852 oratore

184 890 310 949 conteuti
329 908 435 962 snmus,
453 891 501 966 qui
520 891 602 962 aciat,
623 902 671 957 aut
688 909 794 969 negare
813 900 955 967 oportere,

182 987 258 1064 quod
272 1006 398 1065 arguare,
414 999 470 1060 aut,
484 987 509 1046 si
522 987 551 1046 id
565 1006 622 1045 non
641 988 739 1064 possit,
751 997 812 1045 tum
825 987 956 1045 ostende-

183 1100 223 1156 re,
243 1082 320 1159 qnod
345 1085 369 1142 is
394 1084 502 1156 lecerit,
522 1084 572 1159 qui
597 1072 782 1155 insimuletur,
803 1093 852 1141 rut
877 1094 956 1141 recte

184 1179 299 1252 lectum,
321 1190 368 1239 aut
395 1180 509 1239 ulterius
535 1181 619 1257 culpi
645 1191 694 1239 cut
718 1179 831 1256 injurie,
852 1188 956 1239 cut-ex

137 1288 168 1339 lo
183 1276 256 1355 lege,
271 1288 388 1337 autnon
403 1287 500 1335 contra
514 1277 617 1353 legam,
631 1287 679 1335 aut
692 1276 891 1352 imprudentii,
907 1286 955 1333 aut

183 1374 358 1444 neccssari03
379 1384 427 1431 aut
439 1392 497 1431 uon
510 1392 546 1433 eo
558 1374 671 1431 nomine
683 1356 885 1448 usurpdndum,
898 1390 962 1446 quo

185 1480 332 1547 argutatum
354 1480 402 1529 aut
420 1488 478 1528 uon
498 1469 537 1529 ita
553 1474 609 1547 ogi,
623 1479 654 1527 ut
666 1469 805 1541 debuerit,
817 1488 853 1534 ac
866 1469 955 1527 licue-

183 1566 236 1637 rit3
256 1578 294 1639 et,
307 1566 332 1625 ei
345 1567 413 1625 satis
425 1585 487 1625 esse
505 1567 619 1641 putatis,
632 1585 677 1638 ea,
689 1585 752 1641 quae
771 1566 817 1623 isti
837 1565 954 1640 scripto-

183 1680 229 1721 res
255 1664 321 1721 artis
347 1663 460 1735 docent,
486 1663 597 1721 discere
629 1661 705 1741 (quae
739 1662 826 1719 multo
858 1672 953 1721 tamen

137 1771 167 1820 15
182 1759 316 1832 ornatius,
343 1779 425 1836 quam
453 1760 487 1818 ab
513 1759 569 1820 illis
600 1758 742 1832 dicuntur,
769 1769 798 1817 et
828 1757 953 1829 uberius,

182 1854 330 1930 explicavit
349 1855 522 1935 Antonius);
543 1856 603 1927 sed,
622 1855 647 1914 si
666 1855 711 1913 luis
730 1855 856 1914 contenti
874 1855 952 1926 estis,

183 1959 265 2026 utque
291 1950 325 2008 iir
350 1952 529 2027 etiamque
556 1951 615 2008 dici
640 1952 767 2010 voluistis
789 1972 807 2011 a
828 1971 890 2022 me;
918 1971 953 2010 er

183 2043 291 2121 ingenti
304 2045 423 2122 quodam
442 2054 582 2102 oratorem
602 2043 795 2120 immensoque
808 2063 909 2122 campo
922 2046 952 2104 iu

184 2141 317 2219 exiguum
330 2161 398 2200 saue
410 2159 510 2219 gyrurn
523 2141 698 2217 compellitis.

136 2249 168 2300 9]
222 2239 273 2296 Sin
291 2250 412 2297 veterem
433 2238 510 2296 illum
530 2237 679 2309 Periclem,
694 2248 741 2296 unt
760 2239 837 2297 hunc
856 2239 951 2310 etiam,

183 2335 232 2409 qui
245 2335 407 2394 familiarior
420 2336 502 2394 nobis
514 2345 627 2411 propter
642 2335 810 2410 scriptorum
829 2336 952 2396 multitu·

183 2430 278 2486 dinem
304 2442 357 2501 est,
383 2431 614 2502 Demosthenem,
640 2431 721 2506 sequi
746 2432 839 2504 vultis,
866 2443 904 2504 et,
927 2435 952 2491 oi

184 2525 259 2584 illam
285 2527 446 2601 praclarum
473 2536 500 2582 et
527 2526 658 2584 eximiam
683 2529 808 2602 speciem
833 2530 952 2588 oratoris

182 2621 299 2699 perlecti
318 2633 345 2679 et
362 2621 600 2698 pulchritudinem
621 2623 787 2694 udamdstis3
809 2635 857 2682 aut
874 2623 953 2684 robis

136 2719 168 2768 25
183 2717 243 2776 hoec
263 2718 429 2789 Carneadia,
444 2727 492 2776 aut
511 2717 560 2776 illa
577 2719 753 2790 Aristotelia,
765 2721 808 2778 ris
826 2739 953 2797 compre·

182 2814 330 2874 lreudeuda
348 2825 399 2873 est
439 2814 572 2889 Namque
591 2814 637 2891 (ut
662 2825 727 2874 ante
752 2816 825 2895 dixi)
844 2827 953 2875 retem

182 2910 232 2982 illi,
246 2911 382 2988 usquead
398 2911 556 2982 Socratem,
570 2929 682 2969 omnem
701 2905 828 2971 omnium
847 2931 952 2984 rerum,

182 3025 244 3083 quae
258 3007 292 3066 ad
306 3025 398 3066 moras
417 3007 574 3080 hominum,
588 3026 650 3082 qne
669 3008 705 3066 ad
724 3008 819 3081 vitam,
833 3027 897 3084 que
917 3010 953 3070 ud
