2167 3525
127 260 207 323 nnn
407 260 449 309 ns
466 260 634 309 cernone

127 411 343 473 cuim‘minime
361 421 405 469 est
423 411 558 473 liberate:
584 410 710 483 tertium,
730 408 789 470 orie
811 408 910 485 depre-

127 508 216 579 vetic,
236 526 292 567 uon
318 507 406 585 digne
431 509 531 567 nobis:
558 517 700 583 quartum,
726 505 908 577 obsemnitue,

127 622 188 661 non
215 604 305 662 solum
331 623 389 662 non
417 604 478 679 fero
506 604 602 681 digne,
629 603 681 661 sed
707 603 754 663 rix
778 602 909 661 convivio

127 698 289 758 liberorum.
343 700 488 759 Detractis
511 700 598 777 igitur
617 710 660 758 tot
679 699 765 757 rebus
791 717 827 757 ex
852 699 909 757 hoc

128 796 251 855 oratorio
269 796 346 868 loco,
367 796 477 857 fucetiae
497 796 612 872 relique
632 806 708 868 sunt,
728 815 790 872 quc
810 806 859 854 eut
878 795 938 854 inc

127 909 160 953 te
180 892 226 971 (ut
246 902 311 959 ente
331 893 427 972 dirisi)
447 893 549 969 positae
567 893 699 951 ,videntur
720 911 792 965 esse,
810 902 859 950 eut
878 892 909 951 in

127 989 223 1049 verbo.
269 989 346 1049 Nam
367 990 452 1065 quod,
473 990 700 1065 quibuscumque
720 988 814 1047 verbis
832 989 910 1047 dixe·
987 1029 992 1038 «

127 1084 177 1157 ris,
204 1086 328 1145 facetum
361 1096 456 1145 tamen
485 1096 538 1158 est,
565 1104 596 1145 re
622 1086 817 1145 contineturz.
833 1086 908 1162 quod

127 1182 243 1241 mutetis
269 1183 363 1244 verbis
388 1184 475 1243 sulem
508 1182 622 1256 amittit,
648 1182 679 1241 in
705 1183 799 1242 verbis
824 1182 910 1241 hebet

127 1276 251 1353 leporem
266 1297 388 1343 omnem.
776 1321 779 1327 ι
923 1289 955 1339 w

166 1372 313 1450 Ambigua
332 1384 398 1433 sunt
411 1374 440 1431 in
453 1374 554 1450 primis
574 1383 668 1445 scuta,
683 1383 767 1449 etque
781 1373 810 1431 in
825 1374 911 1432 verbo

126 1469 230 1545 posite,
244 1469 345 1527 nonin
359 1487 406 1527 re:
428 1470 478 1526 sed
499 1488 558 1529 non
578 1488 654 1545 sepe
674 1488 809 1546 maguum
822 1469 910 1528 risum

127 1574 259 1623 movent:
280 1565 371 1641 magis
390 1574 422 1623 ut
442 1565 515 1621 belle
529 1577 558 1625 et
570 1565 683 1623 literato
703 1565 782 1623 dicte
794 1565 911 1625 lauden·

127 1669 191 1719 tur:
221 1669 250 1717 ut
273 1660 302 1718 in
326 1660 405 1719 illum
429 1660 551 1733 Titium,
576 1680 670 1736 quem,
694 1680 759 1719 cum
783 1661 910 1721 studiose

126 1756 186 1836 pilu
206 1756 326 1830 luderet,
340 1768 369 1818 et
383 1757 457 1816 idern
479 1777 563 1836 signa
580 1777 665 1817 suere
675 1772 763 1818 noctu
779 1759 909 1838 frangere
924 1770 955 1819 15

126 1863 284 1930 putaretur,
311 1855 506 1932 gregalesque,
534 1842 600 1914 cum
628 1855 658 1914 iu
685 1875 818 1933 campum
849 1875 909 1916 uun

127 1949 261 2023 venisset,
275 1952 461 2025 requirerent,
475 1952 620 2010 excusavit
634 1951 731 2028 Vespa
743 1951 908 2024 Terentius,

128 2045 202 2120 quod
217 2064 284 2104 eum
298 2047 474 2110 “bruchium
490 2047 632 2125 fregisse''
648 2047 773 2107 diceret:
793 2047 909 2105 utillud

129 2141 269 2216 Africani,
283 2143 357 2217 quod
371 2154 414 2202 est
429 2144 503 2219 apud
516 2143 679 2202 Lucilium:

159 2305 175 2333 “
185 2298 269 2380 Quid?
302 2301 405 2366 Decius,
421 2301 547 2351 Nuculam
565 2317 598 2350 un
616 2302 743 2351 confixum
758 2303 797 2352 ris
811 2302 908 2353 fucere?
922 2313 953 2364 ω

274 2382 379 2446 inquit.''

128 2526 168 2588 Ut
193 2541 259 2586 tuus
286 2527 404 2599 amicus,
431 2526 544 2599 Crasse,
571 2526 705 2599 Granius,
734 2532 820 2596 “non
845 2546 909 2588 esse

129 2622 292 2682 sextantis.”
333 2621 381 2694 Et,
407 2621 432 2680 ei
459 2619 594 2697 queritis,
621 2621 656 2693 is,
680 2621 729 2697 qui
753 2621 908 2698 appelletur

129 2719 223 2791 dicen,
246 2719 302 2777 hoc
323 2736 427 2796 genere
450 2718 573 2776 menime
596 2717 733 2776 excellet:
761 2717 813 2777 sed
835 2717 909 2777 risus

35 2833 36 2842 ¹
129 2826 242 2875 movent
263 2814 318 2874 elia
336 2815 464 2892 majores.
512 2813 690 2891 Ambiguum
709 2833 759 2891 per
772 2814 907 2892 seipsum

128 2913 264 2992 probatur
284 2911 314 2972 id
333 2911 458 2988 quidem,
479 2920 597 2976 utente
616 2910 685 2983 dixi,
704 2909 749 2968 vel
768 2911 907 2971 menime:
920 2916 953 2967 ts

129 3007 369 3090 ngennstenim
383 3007 502 3082 videtur,
517 3007 573 3067 rim
586 3006 665 3068 verbi
679 3006 709 3066 iu
723 3006 810 3082 uliud,
824 3018 912 3086 etque
1007 3005 1011 3012 ’
