2167 3525
119 274 210 334 cns]
400 276 443 323 nc
464 275 626 323 ousuonn.
887 266 944 325 15³

147 424 164 453 ‘⁴
173 423 257 480 Quum
267 422 347 486 lepide
358 420 435 471 lexeis
445 426 593 487 composta!
610 429 640 474 ut
650 424 777 473 maroles
787 433 874 473 cmm

173 503 268 567 [Eudo]
280 503 430 567 porimento,
440 510 513 567 utque
523 504 671 553 emblemate
682 503 867 577 vermiculsto.”

118 636 195 699 Ques
216 656 281 695 curn
305 636 420 695 dixisset
440 637 470 695 iu
491 637 647 697 Albucium
662 637 805 712 illudens,
825 656 863 697 ne
883 658 900 698 o

118 752 165 793 me
179 734 293 811 quidem
307 734 458 793 abstinuit:
578 740 581 747 '

150 869 166 897 “
175 865 291 941 Crassum
302 864 380 915 babeo
389 880 518 930 generum,
528 878 561 913 ne
575 864 758 915 rhetoricotero'
769 871 798 915 tu
808 866 867 915 sis.’'
913 860 929 909 b

2 980 3 987 ἵ
117 1001 199 1065 Quid
212 1002 301 1079 ergo?
321 1000 375 1059 iste
395 1000 525 1072 Crassus,
540 1000 673 1075 quonism
693 1000 755 1077 ejus
775 1002 900 1061 sbuteris

117 1098 243 1169 nomino,
264 1096 332 1173 quid
351 1096 459 1153 efficitt
478 1096 555 1153 idem
574 1095 645 1153 illud
664 1096 786 1168 scilicet,
799 1107 832 1155 ut
851 1098 900 1157 ilie

117 1194 216 1265 voluit,
238 1204 267 1251 et
293 1210 348 1271 ego
372 1192 485 1263 uellem,
509 1191 613 1250 meiius
640 1192 794 1268 eliquanto,
815 1212 900 1269 quum

118 1284 277 1348 Albucius:
304 1306 402 1346 verum
425 1288 455 1345 in
483 1305 529 1345 me
555 1288 672 1363 quidem
696 1288 765 1346 lusit
790 1288 848 1360 ilie,
868 1297 900 1348 ut

117 1385 198 1443 solet.
240 1385 298 1442 Sed
308 1394 351 1442 est
361 1394 456 1441 tumen
467 1383 529 1441 hec
543 1382 696 1442 collocutio
706 1384 901 1443 conservande
914 1399 945 1449 lo

117 1481 277 1551 uerborum,
289 1479 325 1539 de
337 1480 394 1556 qud
407 1480 516 1555 loquor,
528 1498 591 1554 quor
601 1479 730 1556 junctum
743 1480 899 1539 cretionem

117 1574 216 1647 efficit,
230 1592 293 1650 que
312 1575 511 1645 coherentem,
526 1592 589 1649 que
608 1573 788 1650 leuemque
808 1594 899 1652 mque·

118 1670 212 1730 biliter
226 1670 370 1729 fluentem.
410 1669 444 1727 Id
458 1668 657 1745 assequemini,
672 1670 697 1727 si
709 1671 796 1729 rerba
809 1682 900 1730 extre·

118 1788 166 1827 mo
180 1787 245 1826 cum
259 1767 500 1844 consequentibus
512 1766 612 1842 primis
625 1767 811 1847 itsjungetis,
822 1777 899 1828 utne

118 1884 217 1943 aspere
231 1875 414 1935 concurrunt,
428 1881 501 1922 neve
514 1863 620 1935 sestius
633 1863 813 1924 diducuntur.
914 1879 945 1930 15

156 2057 265 2118 XLIV.
285 2057 372 2116 Hono
395 2056 573 2135 diligentiam
595 2057 776 2132 subsequitur
798 2061 900 2116 modus

118 2155 205 2213 etism
225 2163 255 2212 et
274 2155 363 2212 forme
381 2153 542 2225 verborum,
559 2153 645 2226 quod,
662 2153 721 2228 jum
741 2170 850 2224 vereor,
863 2171 900 2211 ne

119 2251 188 2309 huic
202 2249 305 2308 Catulo
317 2249 447 2306 videntur
460 2265 523 2306 esse
538 2247 665 2323 puerile·
695 2247 804 2306 Versus
823 2248 899 2306 eninr

118 2357 228 2405 veteres
248 2345 289 2404 illi
309 2345 339 2402 iu
359 2343 414 2402 hac
427 2343 520 2401 soluit
540 2341 667 2402 erutione
685 2345 898 2420 propemodum,

117 2448 175 2503 hoc
193 2451 246 2514 est,
265 2459 400 2500 numeros
419 2439 567 2516 quosdam,
580 2439 665 2497 nobis
683 2458 747 2498 esse
766 2440 900 2500 odbiben·
913 2448 946 2500 2⁰

119 2542 172 2598 dos
190 2547 378 2616 putaverunt,
410 2536 653 2613 Interspirutionis
672 2537 759 2609 enim,
775 2556 833 2596 non
854 2538 901 2596 do·

5 2637 6 2642 ’
120 2634 294 2714 fetigotIonis
313 2644 425 2705 nostres,
439 2650 532 2707 noque
551 2631 732 2692 librariorum
751 2632 836 2706 notis,
849 2634 904 2691 ced

118 2734 268 2790 verborum
295 2740 324 2788 et
350 2727 554 2788 sententiarum
583 2728 679 2800 modo,
706 2729 900 2805 interpunctas

119 2827 262 2886 clausulas
281 2825 312 2884 in
332 2825 509 2883 orationibus
534 2842 598 2881 esse
620 2825 786 2882 voluerunt:
814 2825 899 2900 idque

118 2924 253 2998 princeps
267 2921 414 2998 Isocrates!
427 2919 583 2978 instituisse
603 2918 707 2990 fertum
728 2930 759 2977 ut
772 2920 899 2978 incondi-
912 2935 944 2983 25

120 3031 179 3079 tem
199 3018 379 3092 antiquorum
398 3013 513 3074 dicendi
540 3015 787 3088 cousuetudinem,
807 3016 900 3075 delec-
