2167 3525
122 277 144 347 ί
441 286 485 339 na
509 286 673 339 onerosa
870 288 954 354 ram

171 442 385 516 sententiarum,
408 452 491 519 atque
514 458 614 501 eorum
637 441 777 512 loentum,
790 448 861 517 quos
885 455 955 518 agas

171 551 333 616 tractesque
353 540 487 613 dicendo,
500 540 572 598 nihil
587 548 619 596 ut
632 556 704 615 opus
716 537 755 595 s'it
771 536 955 603 simulatione

172 646 202 697 et
224 636 352 697 fallaciis.
392 636 459 714 lpss
484 637 562 694 enim
585 645 691 694 natura
716 634 854 692 orationis
880 634 953 710 ejun

171 752 235 809 quae
248 734 402 811 suscipitur
417 734 452 791 ad
467 732 587 791 aliorum
608 732 720 790 animos
735 730 954 807 permovendos,

139 838 156 889 5
172 840 314 889 oratorem
334 831 427 906 ipsum
447 830 540 907 magis
558 829 656 901 etiam,
676 847 761 904 qaam
784 844 955 903 quemquam

170 944 270 985 eorum
293 926 342 1003 qui
366 926 494 997 audiunt,
517 936 672 1001 permovet.
722 924 762 983 Et
783 943 821 983 ne
845 924 900 983 hoo
922 924 955 989 io

170 1022 276 1094 oensis,
305 1022 335 1079 in
360 1021 487 1099 judiciis,
515 1022 546 1078 in
573 1022 730 1080 amicorum
756 1020 902 1097 perieulis,
924 1020 955 1079 in

171 1135 314 1178 coneursu
329 1118 488 1190 hominum,
503 1118 533 1175 in
550 1118 676 1189 civitate,
690 1118 721 1175 in
735 1117 807 1189 foro,
823 1116 955 1183 aooidere

170 1216 316 1287 miremur,
339 1232 406 1273 oum
428 1214 520 1292 agitur
541 1233 601 1271 non
621 1214 715 1272 solum
736 1213 845 1291 ingenii
865 1212 955 1271 nostri

125 1324 156 1375 1⁰
171 1310 343 1371 existimatio
371 1310 451 1389 (nam
477 1311 507 1369 id
533 1320 610 1369 esset
642 1310 750 1381 levius;
783 1327 955 1385 quanquam,

167 1426 238 1467 oum
263 1408 407 1485 professus
434 1407 482 1479 sis,
509 1418 538 1465 te
566 1406 595 1464 id
628 1425 714 1485 posse
745 1405 851 1476 faeere,
878 1404 955 1480 quod

169 1504 265 1583 pauoi,
279 1522 317 1563 ne
330 1504 358 1562 id
374 1504 489 1579 quidem
508 1504 714 1581 negligendum
733 1503 790 1583 est)
802 1522 809 1561 :
829 1501 890 1561 sed.
901 1502 956 1561 alia

170 1611 237 1661 sunt
263 1602 373 1677 majora
398 1602 497 1672 multo,
518 1601 599 1672 fides,
627 1600 765 1673 officium,
789 1599 954 1677 diligentia3

171 1697 274 1773 quibus
295 1697 379 1753 rebus
406 1697 540 1769 adduati,·
556 1698 644 1754 etiam
671 1715 739 1754 oum
765 1696 956 1755 alienissimos

122 1809 157 1859 15
171 1792 360 1864 defendimus,
374 1802 470 1850 tamen
491 1811 541 1850 eos
563 1793 682 1863 alienos,
696 1793 722 1850 si
743 1792 797 1868 ipsi
810 1792 863 1849 viri
887 1791 955 1850 boni

172 1889 302 1948 uolumus
316 1888 424 1960 haberi,
439 1887 602 1945 existimare
615 1907 674 1946 non
694 1905 853 1964 possumus.
896 1887 956 1945 Sed

171 1985 218 2064 (ut
232 1985 305 2066 diri)
320 2004 358 2043 ne
378 1984 434 2042 hoa
455 1984 483 2041 in
506 1985 590 2042 nobis
609 1984 714 2042 mnam
733 2002 797 2042 esse
816 1985 954 2058 videatur,

170 2081 238 2158 quid
253 2092 346 2158 potest
365 2099 428 2139 esse
448 2091 505 2138 tam
526 2081 635 2151 fiotum,
650 2099 735 2155 quam
749 2099 856 2152 sersus,
870 2099 955 2156 qaam

171 2195 268 2250 soene,
283 2195 368 2253 quam
381 2177 504 2235 fabulael
519 2186 621 2234 tamen
635 2176 665 2233 in
678 2175 736 2238 hoe
755 2192 861 2253 genere
880 2195 955 2252 sape

3 2321 4 2356 r
123 2283 156 2334 w
171 2274 232 2350 ipse
256 2275 327 2348 vidi,
354 2293 421 2332 oum
446 2292 482 2331 ex
506 2273 629 2350 personia
655 2272 726 2330 milri
753 2272 852 2331 ardere
877 2273 955 2356 oculi

171 2367 297 2427 hominis
332 2370 480 2430 histrionis
515 2370 680 2428 viderentur
723 2368 871 2445 spondalia
906 2369 956 2430 illa

171 2463 304 2538 dicentis,
773 2508 776 2514 -

201 2577 361 2670 “Segreuam
380 2578 423 2626 abs
439 2583 464 2626 te
481 2592 566 2639 ausus,
582 2582 627 2626 aut
642 2577 696 2626 sine
712 2577 756 2626 illo
773 2577 901 2628 Salamina
915 2579 953 2628 in·

225 2659 454 2802 Ngeudldataraum
464 2743 593 2802 aspeutm
601 2752 630 2786 es
640 2737 734 2816 veritus
741 2740 751 2786 ἓ
758 2738 774 2759 ”

120 2863 156 2916 ὕ
171 2852 327 2932 Nunquam
348 2852 427 2912 illum
442 2861 461 2904 ‘-‘
471 2856 639 2930 aspectum”
654 2853 779 2928 dicebat,
793 2856 863 2932 quin
879 2858 951 2920 milri

168 2949 314 3009 Telamon
336 2949 423 3010 iratus
445 2949 538 3008 fruere
557 2950 638 3010 luotu
654 2950 706 3009 lilii
719 2951 871 3014 videratur.
911 2954 951 3017 Ut

169 3044 258 3122 idern,
272 3045 377 3106 Maxi
390 3046 427 3107 sd
439 3045 631 3122 miserabilem
638 3065 746 3110 sonum
757 3067 837 3126 roca,
938 3112 942 3119 ,
