2167 3525
127 262 209 329 nn]
405 266 455 315 nu
476 266 640 315 onerose
914 254 954 315 tt

130 414 366 475 'ciom'vocelia'st
393 414 497 475 deiude
519 410 866 493 priucipem'et‘seuetds'
881 422 912 472 et

130 511 263 585 civitatis,
284 510 324 571 M.
352 512 512 585 AEmllium,
534 512 630 588 lepide
654 516 821 587 percussum
846 514 911 569 ess'e

130 608 294 667 constebnt:
322 610 349 667 ri
368 609 482 685 pulsum
500 627 537 665 ex
557 608 662 684 templo
680 606 715 665 L.
735 608 859 678 Cottam,
880 616 910 665 et

131 702 168 761 Τ.
188 703 316 777 Didium,
337 722 402 763 cum
423 704 601 763 intercedere
627 704 731 761 vellent
756 704 899 781 rogationi

130 810 463 879 nemopcteretnegare.
923 804 941 855 ὖ

165 992 306 1053 XLVIII.
338 994 516 1068 Accedebat,
539 1005 572 1053 ut
596 994 665 1054 haec-
684 1004 716 1053 tn
743 994 909 1053 adolescens

126 1108 177 1167 pro
188 1090 336 1167 republicd
350 1092 429 1167 queri
443 1092 554 1151 summi
568 1110 634 1150 cnm
654 1091 794 1169 dignitate
813 1091 909 1149 existi·

126 1202 252 1257 morer03
273 1205 338 1263 ego,
355 1187 441 1249 homo
461 1187 621 1259 censorius,
634 1186 681 1245 vix
700 1187 769 1245 setis
788 1188 908 1245 honeste

125 1282 235 1341 viderer
249 1283 417 1346 seditiosum
436 1284 537 1355 civem,
552 1284 625 1342 etin
639 1272 764 1343 hominis
779 1282 908 1342 consulu·

125 1376 164 1435 ris
178 1378 339 1437 calamitate
354 1380 509 1451 crudelem,
519 1397 604 1456 posse
614 1379 776 1437 defendere.
816 1378 907 1436 Erunt
924 1380 954 1427 1⁰

123 1473 224 1549 optImi
244 1473 321 1533 cives
342 1462 625 1550 judicee‚'bouornm
645 1474 770 1531 virorum
790 1473 906 1549 plenum

125 1568 229 1640 forum,
243 1568 290 1625 vix
303 1580 335 1626 ut
347 1569 417 1627 mihi
437 1569 531 1627 tenuis
551 1569 681 1645 quedem
693 1568 777 1627 venie
792 1568 906 1627 deretur

124 1664 328 1737 excusationis,
349 1665 425 1741 quod
445 1672 540 1723 temen
560 1684 626 1724 eum
646 1665 838 1737 defenderem,
856 1665 906 1741 qui

122 1760 194 1820 mihi
213 1773 336 1838 quaestor
347 1763 463 1822 fuisset.
505 1763 640 1841 Hicego
658 1763 727 1838 quid
747 1763 905 1822 dicem'me

122 1869 212 1916 ortem
234 1858 356 1934 aliquem
370 1859 560 1929 edhibuissel
580 1860 647 1936 quid
668 1859 796 1932 fecerim,
809 1866 904 1920 narro
919 1863 951 1912 15

122 1955 176 2012 bo:
198 1955 222 2018 si
241 1955 391 2030 placuerit,
407 1975 457 2014 vos
476 1975 569 2014 meum
590 1957 782 2015 defensionem
804 1956 834 2017 in
849 1956 905 2014 *uli-

121 2068 179 2126 quo
200 2051 267 2118 artis
287 2051 352 2108 loco
373 2051 522 2126 reponetis.
571 2051 708 2110 Omnium
729 2051 903 2109 seditionum

121 2149 237 2222 genere,
256 2146 335 2218 vitre,
351 2147 489 2222 'pericula
514 2147 777 2222 collegiorumque
802 2147 905 2205 oratic-

120 2259 188 2326 nem
202 2243 329 2302 exomni
343 2243 511 2318 reipublice
520 2252 624 2299 nostre
643 2253 802 2318 temporum
816 2242 904 2302 verie-

121 2347 180 2397 tate
207 2339 325 2416 repetivi
362 2338 549 2413 conclusique
572 2338 622 2409 ita,
641 2349 673 2398 ut
692 2339 828 2411 dicerem,
848 2340 902 2400 etsi
916 2348 949 2398 w

120 2454 222 2495 omnes
235 2437 361 2495 molest'ae
375 2453 485 2511 semper
499 2435 653 2494 sedidones
671 2436 799 2508 fuissent,
811 2433 902 2514 justes

8 2565 9 2572 κ
120 2541 218 2590 tamen
244 2531 331 2590 fursee
346 2532 518 2602 nonnullas,
545 2541 575 2589 et
598 2547 699 2608 prope·
716 2533 900 2594 necessarius.

119 2627 200 2688 Tum
223 2627 282 2701 illu,
301 2647 364 2705 que
391 2629 476 2686 modo
502 2628 623 2686 Crassus
649 2629 901 2700 commemorabat,

119 2724 185 2802 egi3
212 2741 305 2800 neque
331 2743 413 2802 reges
432 2741 468 2780 ex
488 2723 542 2782 hec
566 2723 680 2782 civitate
700 2723 786 2801 exigi,
807 2741 901 2799 neque

118 2820 364 2897 tribunoslplebis
391 2820 492 2893 ciceri,
513 2838 606 2896 neque
631 2819 790 2896 plebiscitis
815 2821 947 2881 totIesdd

119 2919 300 2978 consulerem
319 2926 489 2994 potestatem
508 2915 610 2988 minui,
623 2933 717 2991 neque
728 2917 902 2992 provocatio-

118 3017 199 3089 nem,
212 3019 360 3094 petronem
379 3014 465 3074 illum¹
478 3011 601 3072 civitatis
615 3031 650 3072 ec
662 3011 805 3073 vindicem
817 3013 902 3074 ΙΜ-
