2167 3525
157 282 213 341 140
473 292 516 339 un
537 292 713 339 onsronn.
887 290 927 351 [u.
937 289 984 337 111.

239 439 366 499 XXXV.
397 440 538 517 Equidem
566 460 623 499 non
650 440 779 497 arbitror.
825 439 877 497 Sic
902 440 981 497 enim

199 534 290 607 video,
324 554 411 595 unam
444 537 585 611 quandsrn
619 534 745 593 omnium
778 552 883 607 rerum,
916 553 981 609 quae

198 648 293 691 esseut
316 632 432 690 homine
458 632 572 691 erudito
597 631 701 707 digne,
722 640 805 707 utque
825 649 860 689 eo
880 630 929 704 qui
949 631 980 689 iu

195 729 344 803 republicd
377 728 461 786 vellet
494 728 645 799 excellere,
679 726 766 785 fuisse
801 726 978 798 doctrinam3

167 836 281 904 nquam
315 825 363 899 qui
398 825 585 900 accepissent,
613 824 639 881 si
673 824 760 881 iidem
793 823 910 903 ingenio
943 824 978 881 sd

196 921 436 998 pronuntiandum
464 920 628 993 veluissent,
648 930 677 977 et
703 938 735 977 se
762 920 797 977 sd
822 920 977 977 dicendum

196 1036 318 1093 quoque,
338 1037 395 1076 non
416 1026 592 1094 repugnante
615 1018 727 1088 naturis,
747 1016 901 1087 dedissent,
922 1016 977 1075 elo·

195 1112 311 1189 quentid
343 1113 514 1189 prestitisse.
574 1111 675 1189 Itaque
705 1112 766 1187 ipse
796 1112 975 1187 Aristoteles,

195 1226 260 1267 cum
288 1208 388 1267 florere
414 1208 570 1268 Isocratem
597 1209 742 1267 nobilitate
771 1207 976 1286 discipulorum

148 1321 179 1371 1⁰
194 1305 311 1377 videret,
339 1305 415 1381 quod
442 1305 502 1382 ipse
529 1324 595 1363 euos
614 1304 819 1390 disputationes
842 1323 860 1361 e
882 1303 975 1361 cuneis

195 1400 354 1461 forensibus
374 1411 403 1458 et
423 1401 554 1460 civilibus
575 1401 610 1459 ud
631 1400 745 1458 inanem
765 1398 904 1457 sermonis
920 1399 975 1457 ele-
1071 1461 1072 1464 Ἴ

195 1500 321 1579 gantiam
353 1498 552 1570 transtulisset,
585 1496 704 1555 mutavit
736 1505 852 1571 repento
886 1506 974 1554 totum

195 1597 313 1654 sormam
332 1614 420 1671 prope
440 1594 598 1670 discipline
618 1612 687 1664 sure,
701 1610 869 1667 versumque
889 1610 974 1667 quen·

193 1691 259 1748 dnm
285 1689 453 1749 Philoctete
479 1690 566 1767 paulo
590 1707 675 1755 secus
701 1688 789 1745 dixit:
823 1687 871 1745 ille
897 1687 973 1745 enim

146 1805 176 1852 15
193 1787 327 1864 “turpe'’
349 1786 403 1844 sibi
425 1787 463 1843 uit
484 1793 576 1843 “esse
595 1797 701 1857 tacere,
722 1804 788 1843 curn
808 1784 971 1858 barbaros,''

192 1880 239 1939 hic
260 1892 363 1953 autern,
385 1887 480 1938 “cunr
501 1881 668 1952 Isocratem,
684 1890 827 1956 pateretur
847 1881 970 1938 dicere.''

191 1977 290 2053 Itsque
323 1977 434 2035 ornavit
466 1990 495 2034 et
528 1977 678 2034 illustravit
707 1977 869 2035 doctrinam
894 1977 973 2035 illum

190 2091 314 2146 omnem,
342 2093 492 2152 rerumque
519 2073 715 2150 cognitionem
741 2092 807 2131 cum
835 2074 973 2132 orationis

191 2172 395 2232 exercitatione
415 2171 570 2250 conjunxit.
610 2170 714 2247 Neque
734 2188 801 2228 vero
824 2169 881 2228 hoc
900 2171 973 2248 fugit

143 2283 175 2334 m
189 2269 428 2346 sapientissimum
469 2288 576 2348 regern,
608 2267 780 2345 Philippum,
813 2266 862 2341 qui
895 2265 973 2324 hunc

190 2364 354 2422 Alexandro
374 2366 433 2425 filio
453 2365 599 2423 doctorem
620 2364 747 2435 socierit,
763 2383 779 2420 u
795 2381 851 2437 quo
871 2364 971 2421 eodem
1070 2418 1071 2423 ,

189 2459 237 2516 ille
258 2468 286 2516 et
307 2461 410 2536 agendi
434 2461 578 2536 reciperet
602 2470 746 2536 precepta
771 2470 800 2517 et
825 2459 970 2535 loquendi.

189 2555 289 2630 Nunc,
322 2561 346 2614 si
379 2556 427 2631 qui
460 2557 555 2628 volet,
578 2575 644 2614 euru
679 2555 888 2634 philosophum,
922 2556 971 2631 qui

189 2661 302 2730 copiam
322 2655 405 2712 nobis
425 2673 519 2712 rerum
540 2655 733 2730 orationisque
745 2655 848 2727 undat,
861 2673 912 2731 per
925 2673 973 2714 me

142 2753 175 2804 25
190 2753 311 2829 sppellet
337 2761 478 2810 oratorem
504 2751 589 2822 licet;
623 2751 683 2808 sive
714 2750 792 2809 hunc
818 2761 972 2823 oratorem,

189 2868 272 2925 quern
293 2867 348 2926 ego
368 2848 434 2906 dico
454 2848 621 2924 sapientium
639 2847 769 2923 junctum
789 2849 895 2906 hebere
912 2848 971 2906 elo·

190 2951 322 3022 quentiae,
335 2945 535 3024 philosophum
556 2944 697 3020 appellere
710 2945 799 3018 ntulit,
812 2965 871 3005 non
884 2952 973 3024 impe·
