2167 3525
150 302 189 360 ot
469 311 512 359 ns
533 312 695 359 emicas
895 310 977 371 [nn

193 469 284 535 putes,
298 460 369 517 nihil
384 460 414 517 in
428 461 516 519 causi
536 461 603 519 mali
623 461 729 532 iacere,
743 469 776 519 ut
788 459 860 518 nibil
879 458 932 518 tibi
945 459 977 517 in

194 566 305 614 oratore
320 558 410 635 majus
423 576 485 615 esse
499 558 636 617 videatur.

232 748 370 807 LXXIV.
402 750 505 808 Dicam
519 750 662 825 equidem,
676 750 783 821 Cesar,
794 749 897 824 inquit,
907 749 977 825 quid

195 846 368 923 inteiligam:
389 847 485 903 sedet
506 857 548 917 tu,
563 857 592 903 et
604 865 655 903 vos
674 864 774 905 omnes
792 845 858 917 boc,
873 846 975 922 inquit,

165 948 376 1015 bmementote,
397 962 454 1001 non
475 962 521 999 me
540 943 578 1000 de
596 943 716 1018 perfecti
736 943 857 1001 oratoris
876 942 979 999 divini-

193 1049 252 1097 tate
285 1039 407 1114 quddam
441 1039 528 1114 loqui,
556 1040 607 1096 sed
636 1040 672 1096 de
704 1039 916 1097 exercitationis
947 1049 978 1096 et

195 1136 412 1193 consuetudinis
438 1155 509 1193 rncae
537 1136 741 1198 mediocritate.
793 1135 889 1193 Crassi
915 1136 978 1210 qni·

195 1232 259 1289 dem
279 1250 447 1308 responsum
467 1233 634 1290 excellentis
649 1232 797 1308 cujusdam
810 1242 854 1289 est
868 1232 976 1309 ingenii

196 1346 229 1385 ac
250 1328 417 1404 singularis;
439 1328 487 1386 cui
508 1328 643 1403 quiddam
663 1328 787 1403 portenti
807 1327 900 1386 simile
913 1346 976 1385 esse

150 1436 180 1484 1⁰
194 1425 284 1482 risum
305 1436 357 1497 est,
375 1444 459 1501 posse
480 1425 602 1499 aliquem
623 1424 742 1482 inveniri
762 1434 913 1496 oratorem,
926 1426 976 1500 qui

195 1522 301 1597 aliquid
315 1522 382 1579 mali
396 1522 504 1579 faceret
517 1521 651 1593 diceudo,
662 1522 830 1597 obessetque
843 1522 880 1593 ei,
891 1540 976 1597 quem

194 1618 376 1676 defenderet:
399 1618 468 1675 sacit
481 1618 559 1675 enim
573 1618 873 1694 deseconjecturam3
894 1620 976 1694 cujus

193 1724 273 1772 tanta
285 1715 327 1772 vis
342 1714 450 1790 ingenii
471 1724 523 1786 est,
539 1724 570 1771 ut
590 1715 744 1786 neminem,
758 1714 813 1772 nisi
834 1714 974 1787 consulto,

192 1821 281 1885 putet,
296 1810 372 1884 quod
387 1820 487 1868 contra
507 1811 630 1886 seipsum
645 1811 692 1882 sit,
707 1810 819 1880 dicerc3
842 1810 907 1888 (sed
919 1829 975 1888 ego

149 1918 178 1966 15
193 1925 250 1963 non
271 1907 306 1962 de
326 1906 471 1981 prestanti
491 1905 614 1981 quddam
634 1917 664 1964 et
683 1907 797 1978 eximii,
816 1909 866 1965 sed
886 1927 975 1983 prope

193 2002 229 2059 de
249 2002 358 2079 vulgari
378 2012 407 2059 et
427 2002 573 2060 communi
592 2003 745 2078 prudentii
771 2003 916 2083 disput03)
944 2015 974 2062 ut

195 2099 269 2176 apud
288 2099 407 2157 Graecos
427 2099 514 2157 fertur
535 2099 697 2157 incredibili
717 2100 840 2174 quddam
866 2101 975 2177 magni-

193 2196 292 2254 tudine
320 2197 432 2254 consilii
460 2205 544 2271 atque
571 2196 679 2274 ingenii
706 2196 893 2255 Atheniensis
925 2197 973 2254 ille

193 2293 278 2350 fuisse
306 2292 533 2364 Themistoclem
562 2293 597 2350 sd
619 2312 703 2369 quem
731 2293 846 2367 quidam
872 2294 973 2353 doctus

145 2395 177 2446 20
192 2389 288 2460 homo,
304 2399 387 2465 atque
407 2390 436 2446 in
457 2389 556 2465 primis
575 2390 713 2460 eruditus,
729 2390 884 2447 accessisse
903 2390 974 2448 dici-

191 2495 246 2556 tur,
270 2484 354 2560 eique
382 2495 470 2542 artem
497 2485 651 2556 memoriae,
675 2504 738 2560 quae
763 2495 823 2542 tum
849 2485 973 2560 primum

191 2581 395 2658 proferebatur,
409 2579 555 2655 pollicitus
568 2599 640 2651 esse,
654 2599 685 2637 se
699 2581 884 2638 traditurum:
906 2601 971 2640 curn

191 2677 239 2734 ilie
260 2675 414 2751 quaesisset,
435 2675 571 2750 quidnam
591 2676 641 2734 ilia
660 2695 705 2733 ars
727 2676 841 2734 efficere
867 2688 971 2752 posset,

191 2773 295 2830 dixisse
311 2773 390 2830 ilium
404 2771 562 2843 doctorem,
577 2783 608 2830 ut
620 2772 717 2830 omnia
731 2773 922 2843 meminisset3
942 2787 972 2832 et

143 2877 176 2927 25
190 2870 218 2927 ei
238 2868 465 2927 Themistoclem
487 2869 674 2944 respondisse,
688 2869 796 2946 gratius
816 2870 871 2929 sibi
891 2871 972 2929 illum

190 2984 252 3023 esse
273 2965 424 3037 facturum,
445 2966 469 3023 si
489 2985 521 3024 se
540 2966 679 3038 oblivisci,
696 2983 759 3042 quae
779 2967 873 3038 vellet,
886 2987 970 3042 quam

191 3063 215 3122 si
242 3064 413 3136 meminisse,
434 3064 588 3123 docuisset.
639 3063 776 3137 Videsne,
796 3083 859 3140 quc
879 3065 921 3126 vis
940 3064 971 3124 iu
