2167 3525
170 280 224 338 1³2
483 288 526 337 na
547 287 709 337 onanonn
895 288 934 349 [ι.
943 288 987 335 m.

212 438 319 495 nendos
337 438 453 514 putavit.
502 438 603 501 Quare
628 450 686 495 nott
713 448 756 495 cst
781 451 937 513 pauentum
957 437 990 495 li·

212 534 349 592 bellorum
370 534 425 592 lton
448 548 561 607 munus,
582 544 613 591 ut
633 535 663 607 ii,
684 534 733 610 qui
759 534 933 609 scripserunt
952 534 990 590 de

211 630 326 688 dicendi
339 631 459 702 ratione,
475 630 601 689 arbitrati
620 640 696 702 sunt,
710 647 803 705 neqnc
817 628 989 701 Tusculani,

212 736 294 802 atque
327 727 410 803 hujus
443 727 640 785 ambulationis
673 725 912 796 antemeridianae,
942 734 990 784 ant

181 830 197 877 5
212 834 314 881 nostrae
326 823 528 903 pomeridianas
542 823 684 881 amnionis.
726 820 795 880 Non
807 822 884 880 enim
897 820 988 879 solum

213 920 341 977 acuenda
360 920 456 979 nobis
479 904 582 995 neque
599 919 785 995 procudenda
812 919 988 996 tinguant,
1067 895 1069 1008 i

212 1016 262 1073 scd
274 1016 454 1074 onerandum
475 1016 733 1092 complendumque
743 1026 845 1091 pectus
857 1015 991 1073 maxima·

212 1127 275 1169 rum
307 1127 400 1170 rerum
433 1118 463 1170 et
494 1112 679 1189 plurimarum
715 1112 862 1185 suavitate,
896 1112 988 1187 cupii,

212 1208 353 1267 varietate.

168 1410 198 1459 10
252 1400 366 1462 xxxi
397 1401 504 1461 Nostra
524 1414 567 1461 est
586 1403 663 1461 enim
689 1403 728 1479 (si
754 1403 840 1460 modo
859 1420 912 1459 nos
930 1419 991 1460 ora·

212 1510 287 1557 tores
306 1498 452 1570 sumus,si
472 1499 501 1555 in
522 1499 627 1557 cisium
647 1498 908 1574 disceptationibus,
923 1497 989 1554 siin

213 1594 356 1670 periculi,
377 1595 401 1651 si
427 1595 457 1651 in
484 1594 735 1653 deliberationibus
760 1594 891 1669 publicis,
914 1592 992 1651 adbi-

214 1690 299 1748 bendi
320 1700 450 1749 auctores
470 1701 498 1748 et
517 1682 661 1768 principes
686 1692 798 1770 sumus)
820 1698 916 1747 nostra
937 1700 990 1763 est,

214 1789 339 1861 inquam,
353 1787 446 1844 omnis
467 1787 521 1844 ista
539 1788 697 1863 prudentie
716 1788 911 1861 doctrinaeque
928 1805 992 1862 pos·

77 1955 82 1968 ¹
168 1895 199 1944 15
214 1882 310 1952 sessio,
331 1881 360 1938 in
380 1901 464 1958 quam
485 1883 623 1953 homines,
643 1883 723 1958 quasi
743 1885 881 1942 caducam
909 1893 992 1959 atque

215 1993 343 2048 vacuam,
366 1979 540 2036 abundantes
560 1979 629 2049 otio,
651 1979 748 2056 (nobis
768 1980 928 2059 occupatis)
950 1979 995 2036 in·

214 2075 387 2146 volaverunt,
402 2085 484 2151 atque
497 2074 583 2133 etiam
604 2087 652 2134 aut
671 2075 822 2133 irridentes
839 2086 990 2148 oratorem,

214 2182 246 2230 ut
265 2171 313 2229 ille
334 2170 363 2230 in
383 2172 491 2249 Gorgii
511 2173 654 2243 Socrates,
676 2172 852 2244 cavillantur,
874 2183 923 2230 aut
941 2172 992 2229 ali·
1066 2190 1067 2247 l

215 2268 282 2342 quid
302 2268 339 2326 de
359 2268 479 2326 oratoris
499 2279 558 2326 arte
577 2268 677 2344 paucis
695 2269 864 2344 precipiunt
879 2267 991 2342 libellis,

169 2379 201 2428 20
215 2381 320 2438 eosque
334 2365 490 2422 rhetoricos
510 2366 678 2437 inscribunt,
692 2366 772 2440 quasi
788 2383 846 2423 non
867 2365 915 2422 illa
933 2365 993 2422 sint

214 2460 328 2534 propria
348 2461 501 2530 rhetorum,
515 2479 578 2534 que
598 2461 633 2518 ab
653 2461 753 2518 iisdem
773 2461 810 2519 de
822 2461 940 2538 justitid,
955 2461 994 2518 de

216 2553 320 2624 officio,
335 2554 370 2610 de
385 2555 546 2612 civitatibus
566 2556 746 2613 instituendis
759 2568 789 2613 ct
799 2557 941 2633 regendis,
955 2557 994 2614 de

217 2651 293 2708 omni
309 2649 429 2720 vivendi,
444 2647 566 2724 denique
585 2652 671 2708 etiarn
691 2651 727 2708 de
747 2663 854 2710 nature
873 2653 994 2723 ratione,

216 2747 358 2804 dicuntur.
397 2745 473 2806 Quae
493 2746 627 2820 quoniam
645 2748 703 2822 jam
724 2747 837 2806 aliunde
856 2767 914 2806 non
929 2768 996 2825 pos-

152 2911 154 2914 ,
171 2858 203 2906 ⁶25
217 2863 322 2914 suanus,
337 2842 557 2900 sumenda-sunt
576 2843 658 2900 nobis
673 2844 707 2899 ab
721 2844 756 2900 iis
769 2844 846 2920 ipsis,
862 2846 995 2920 aquibus

218 2938 332 3015 expilati
352 2957 464 3009 sumus3
489 2938 642 2998 dummodo
661 2938 709 2998 illa
729 2940 764 2997 ad
784 2941 859 2998 banc
878 2941 995 2998 civilem
1064 2960 1065 3013 r

218 3035 376 3108 scientiam,
403 3053 459 3110 quo
483 3035 635 3111 pertinent,
660 3046 690 3093 et
718 3053 801 3111 quam
835 3038 994 3113 intuentur,
