2167 3525
119 316 200 379 nul
403 320 447 367 on
469 320 631 369 onerosa.
910 312 950 371 7⁹

118 484 227 540 errore,
242 477 272 525 et
285 466 333 526 ult
347 468 533 528 admiratione
553 469 698 541 liberatus,
712 468 789 546 quod
807 468 905 528 moitis

119 584 189 625 eum
209 567 272 625 aliis
291 585 401 643 semper
422 568 556 625 admirari
576 569 710 640 solebam,
731 569 809 627 unde
828 579 904 627 esset

119 662 171 721 illa
190 674 269 722 tanta
288 672 337 721 tua
357 663 387 721 in
407 664 502 722 causis
522 664 672 722 divinitas:
699 683 754 723 nec
776 664 854 723 enim
873 674 903 723 tc

120 758 177 818 ista
197 760 322 837 attigisse
342 760 507 831 arbitrabar,
521 780 584 836 quae
604 760 822 839 diligentissime
838 780 904 839 cog·

119 854 214 927 nosse,
241 866 270 913 et
295 856 422 931 undique
454 857 615 934 collegisse,
642 876 752 934 usuque
784 857 932 915 domums

117 951 221 1026 partim
247 952 415 1023 correxisse,
442 952 535 1023 video,
562 953 665 1029 partim
691 954 900 1029 comprobdsse.

118 1046 222 1123 Neque
248 1067 285 1105 eo
311 1048 406 1106 minus
432 1048 622 1123 eloquentiam
648 1061 737 1121 tuam,
761 1060 790 1109 et
813 1050 902 1111 mutto

118 1145 209 1221 magis
222 1144 356 1202 virtutem
377 1154 407 1203 et
423 1145 611 1223 diligentiam,
626 1146 757 1217 admiror,
771 1157 800 1205 et
816 1147 900 1205 simui

117 1241 240 1317 gaudeo,
258 1240 399 1317 judicium
421 1241 508 1300 animi
529 1242 586 1299 mei
613 1243 803 1319 comprobari,
824 1243 901 1319 quod

118 1356 228 1413 semper
255 1337 351 1408 statui,
378 1338 522 1395 neminem
556 1339 702 1414 sapientie
732 1338 845 1402 laudem
859 1348 901 1405 ⁴et
917 1346 947 1396 ld

116 1432 299 1507 eloquentior,
327 1432 388 1489 sine
422 1452 533 1490 summo
566 1434 662 1491 studio
694 1444 723 1491 et
749 1433 846 1490 labore
872 1444 901 1491 et

116 1526 261 1593 doctrina,
275 1528 413 1602 consequi
432 1546 524 1603 posse.
571 1528 630 1585 Sed
650 1538 746 1585 tamen
766 1528 901 1603 quidnam

116 1633 162 1679 est
182 1620 221 1693 id,
236 1623 313 1698 quod
332 1623 439 1695 dixisti,
461 1624 531 1696 sore,
553 1634 584 1682 ut
603 1624 655 1683 tibi
676 1624 900 1702 ignosceremus,

115 1719 142 1778 si
160 1718 375 1798 cognossemus,
390 1740 452 1797 que
470 1731 499 1779 te
520 1740 608 1781 causa
625 1721 654 1780 in
671 1738 833 1780 sermonem
851 1722 901 1782 im-

114 1817 254 1892 pulisset?
314 1817 391 1880 Quae
427 1828 470 1876 est
507 1819 584 1876 enim
622 1819 677 1878 alia
712 1837 809 1890 causa,
843 1820 946 1881 nisi15

114 1913 191 1988 quod
217 1913 310 1986 uobis,
339 1925 367 1972 et
403 1914 504 1974 horum
541 1915 765 1974 adolescentium
791 1917 897 1987 studio,

115 2009 165 2083 qui
192 2020 220 2066 te
247 2011 433 2070 attentissime
468 2012 629 2083 audierunt,
660 2031 770 2070 morem
797 2031 899 2090 gerere

115 2106 250 2164 voluisti?

154 2201 234 2259 Tum
254 2202 313 2274 ille,
327 2203 473 2274 Adimere,
495 2204 596 2278 inquit,
609 2221 725 2260 omnem
745 2203 899 2263 recusatio·

114 2315 182 2355 nem
202 2297 308 2356 Crasso
328 2299 416 2370 volui,
430 2319 515 2374 quem
535 2317 591 2376 ego
603 2299 689 2375 pauio
707 2297 834 2357 sciebam
854 2299 897 2358 rel
914 2305 947 2358 20
1000 2368 1004 2379 Ι

114 2393 267 2471 pudentius
281 2395 324 2453 rel
346 2395 462 2452 inritius
480 2393 563 2473 (nolo
581 2395 659 2453 enim
678 2395 776 2454 dicere
788 2397 825 2453 de
839 2408 897 2456 tam

115 2491 195 2550 suasi
215 2492 330 2550 homine
350 2491 538 2571 fastidiosius)
560 2492 596 2550 ad
616 2493 672 2550 hoo
689 2511 781 2570 genus
794 2511 898 2552 sermo-

114 2587 161 2646 nis
181 2589 327 2647 sccedere.
367 2587 451 2651 Quid
470 2589 547 2647 enim
567 2588 672 2665 poterit
691 2589 808 2647 diceret
830 2608 898 2648 con-

114 2685 237 2744 sularem
251 2704 282 2743 se
296 2705 359 2744 esse
378 2685 524 2744 hominem
544 2696 573 2744 et
593 2685 776 2743 censorium?
796 2687 898 2744 eadem

113 2792 214 2841 nostra
232 2800 319 2840 causa
338 2792 389 2840 est.
438 2782 487 2841 An
506 2793 619 2841 statem
641 2782 759 2840 afferet?
786 2782 899 2857 quadri·
913 2788 947 2841 25

113 2879 201 2938 ennio
214 2879 306 2937 minor
320 2889 371 2937 est.
412 2879 460 2938 An
474 2898 506 2936 se
519 2878 652 2936 nesciret
671 2898 735 2954 qum
752 2895 809 2956 ego
822 2897 897 2949 sero,

114 2993 179 3051 que
212 2975 328 3048 cursim,
363 2974 478 3051 arripui,
511 2993 576 3050 quar
614 2973 772 3034 subsecivis
803 2975 898 3051 operis
