<?xml version="1.0" encoding="UTF-8"?>
<!DOCTYPE html PUBLIC "-//W3C//DTD XHTML 1.0 Transitional//EN"
    "http://www.w3.org/TR/xhtml1/DTD/xhtml1-transitional.dtd">
<html xmlns="http://www.w3.org/1999/xhtml" xml:lang="en" lang="en">
 <head>
  <title>
</title>
<meta http-equiv="Content-Type" content="text/html;charset=utf-8" />
  <meta name='ocr-system' content='tesseract 3.04.00' />
  <meta name='ocr-capabilities' content='ocr_page ocr_carea ocr_par ocr_line ocrx_word'/>
</head>
<body>
  <div class='ocr_page' id='page_1' title='image "./mtciceronisadqu03dillgoog_0100.png"; bbox 0 0 2167 3525; ppageno 0'>
   <div class='ocr_carea' id='block_1_1' title="bbox 163 267 994 332">
    <p class='ocr_par' dir='ltr' id='par_1_1' title="bbox 163 267 994 332">
     <span class='ocr_line' id='line_1_1' title="bbox 163 267 994 332; baseline -0.011 -5"><span class='ocrx_word' id='word_1_1' title='bbox 163 267 202 327; x_wconf 76' lang='lat' dir='ltr'><strong>aa</strong></span> <span class='ocrx_word' id='word_1_2' title='bbox 480 274 524 323; x_wconf 85' lang='lat' dir='ltr'><strong>nc</strong></span> <span class='ocrx_word' id='word_1_3' title='bbox 545 272 708 321; x_wconf 72' lang='lat' dir='ltr'><strong>onnuour.</strong></span> <span class='ocrx_word' id='word_1_4' title='bbox 898 272 994 332; x_wconf 67' lang='lat' dir='ltr'><strong>[una</strong></span> 
     </span>
    </p>
   </div>
   <div class='ocr_carea' id='block_1_2' title="bbox 96 421 1072 2711">
    <p class='ocr_par' dir='ltr' id='par_1_2' title="bbox 96 421 1072 2711">
     <span class='ocr_line' id='line_1_2' title="bbox 211 421 996 499; baseline -0.003 -18"><span class='ocrx_word' id='word_1_5' title='bbox 211 423 267 481; x_wconf 87' lang='lat' dir='ltr'><strong>buc</strong></span> <span class='ocrx_word' id='word_1_6' title='bbox 281 423 310 482; x_wconf 91' lang='lat' dir='ltr'><strong>in</strong></span> <span class='ocrx_word' id='word_1_7' title='bbox 325 422 370 481; x_wconf 86' lang='lat' dir='ltr'><strong>bis</strong></span> <span class='ocrx_word' id='word_1_8' title='bbox 389 422 469 499; x_wconf 85' lang='lat' dir='ltr'><strong>qnasi</strong></span> <span class='ocrx_word' id='word_1_9' title='bbox 489 422 577 481; x_wconf 89' lang='lat' dir='ltr'><strong>mutis</strong></span> <span class='ocrx_word' id='word_1_10' title='bbox 596 423 706 481; x_wconf 89' lang='lat' dir='ltr'><strong>artibus</strong></span> <span class='ocrx_word' id='word_1_11' title='bbox 723 432 767 480; x_wconf 86' lang='lat' dir='ltr'><strong>est</strong></span> <span class='ocrx_word' id='word_1_12' title='bbox 779 421 996 493; x_wconf 71' lang='lat' dir='ltr'><strong>mirandum,‚et</strong></span> 
     </span>
     <span class='ocr_line' id='line_1_3' title="bbox 211 518 995 595; baseline -0.003 -18"><span class='ocrx_word' id='word_1_13' title='bbox 211 531 306 579; x_wconf 87' lang='lat' dir='ltr'><strong>tamen</strong></span> <span class='ocrx_word' id='word_1_14' title='bbox 326 538 441 591; x_wconf 86' lang='lat' dir='ltr'><strong>verum;</strong></span> <span class='ocrx_word' id='word_1_15' title='bbox 468 530 574 595; x_wconf 87' lang='lat' dir='ltr'><strong>quanto</strong></span> <span class='ocrx_word' id='word_1_16' title='bbox 597 518 792 577; x_wconf 73' lang='lat' dir='ltr'><strong>admirabilius</strong></span> <span class='ocrx_word' id='word_1_17' title='bbox 812 518 842 575; x_wconf 89' lang='lat' dir='ltr'><strong>in</strong></span> <span class='ocrx_word' id='word_1_18' title='bbox 862 518 995 575; x_wconf 88' lang='lat' dir='ltr'><strong>oratioue</strong></span> 
     </span>
     <span class='ocr_line' id='line_1_4' title="bbox 212 614 995 694; baseline -0.005 -19"><span class='ocrx_word' id='word_1_19' title='bbox 212 627 295 693; x_wconf 83' lang='lat' dir='ltr'><strong>atque</strong></span> <span class='ocrx_word' id='word_1_20' title='bbox 315 615 346 675; x_wconf 91' lang='lat' dir='ltr'><strong>in</strong></span> <span class='ocrx_word' id='word_1_21' title='bbox 364 616 483 694; x_wconf 74' lang='lat' dir='ltr'><strong>lingui?</strong></span> <span class='ocrx_word' id='word_1_22' title='bbox 504 635 566 691; x_wconf 84' lang='lat' dir='ltr'><strong>quae</strong></span> <span class='ocrx_word' id='word_1_23' title='bbox 586 634 653 673; x_wconf 88' lang='lat' dir='ltr'><strong>cum</strong></span> <span class='ocrx_word' id='word_1_24' title='bbox 673 615 703 673; x_wconf 88' lang='lat' dir='ltr'><strong>in</strong></span> <span class='ocrx_word' id='word_1_25' title='bbox 723 615 824 671; x_wconf 88' lang='lat' dir='ltr'><strong>iisdem</strong></span> <span class='ocrx_word' id='word_1_26' title='bbox 842 614 995 671; x_wconf 70' lang='lat' dir='ltr'><strong>sententiis</strong></span> 
     </span>
     <span class='ocr_line' id='line_1_5' title="bbox 211 710 995 789; baseline -0.003 -18"><span class='ocrx_word' id='word_1_27' title='bbox 211 713 359 789; x_wconf 75' lang='lat' dir='ltr'><strong>uerbisque</strong></span> <span class='ocrx_word' id='word_1_28' title='bbox 380 723 516 783; x_wconf 73' lang='lat' dir='ltr'>versetur,</span> <span class='ocrx_word' id='word_1_29' title='bbox 536 730 661 771; x_wconf 88' lang='lat' dir='ltr'><strong>summas</strong></span> <span class='ocrx_word' id='word_1_30' title='bbox 680 712 765 769; x_wconf 80' lang='lat' dir='ltr'><strong>babet</strong></span> <span class='ocrx_word' id='word_1_31' title='bbox 788 710 995 769; x_wconf 86' lang='lat' dir='ltr'><strong>dissimilitudi-</strong></span> 
     </span>
     <span class='ocr_line' id='line_1_6' title="bbox 96 802 994 884; baseline -0.002 -17"><span class='ocrx_word' id='word_1_32' title='bbox 96 802 99 811; x_wconf 68' lang='grc'>’</span> <span class='ocrx_word' id='word_1_33' title='bbox 177 822 279 880; x_wconf 82' lang='lat' dir='ltr'><strong>5nes3</strong></span> <span class='ocrx_word' id='word_1_34' title='bbox 300 827 357 867; x_wconf 88' lang='lat' dir='ltr'><strong>non</strong></span> <span class='ocrx_word' id='word_1_35' title='bbox 378 810 430 880; x_wconf 87' lang='lat' dir='ltr'><strong>sic,</strong></span> <span class='ocrx_word' id='word_1_36' title='bbox 445 819 477 865; x_wconf 91' lang='lat' dir='ltr'><strong>ut</strong></span> <span class='ocrx_word' id='word_1_37' title='bbox 491 808 539 867; x_wconf 85' lang='lat' dir='ltr'><strong>alii</strong></span> <span class='ocrx_word' id='word_1_38' title='bbox 559 808 737 884; x_wconf 85' lang='lat' dir='ltr'><strong>vituperandi</strong></span> <span class='ocrx_word' id='word_1_39' title='bbox 757 808 824 879; x_wconf 88' lang='lat' dir='ltr'><strong>siut,</strong></span> <span class='ocrx_word' id='word_1_40' title='bbox 837 807 889 865; x_wconf 87' lang='lat' dir='ltr'><strong>sed</strong></span> <span class='ocrx_word' id='word_1_41' title='bbox 910 818 942 864; x_wconf 90' lang='lat' dir='ltr'><strong>ut</strong></span> <span class='ocrx_word' id='word_1_42' title='bbox 962 807 994 879; x_wconf 88' lang='lat' dir='ltr'><strong>ii,</strong></span> 
     </span>
     <span class='ocr_line' id='line_1_7' title="bbox 212 903 995 981; baseline -0.003 -18"><span class='ocrx_word' id='word_1_43' title='bbox 212 924 281 981; x_wconf 90' lang='lat' dir='ltr'><strong>quos</strong></span> <span class='ocrx_word' id='word_1_44' title='bbox 304 914 415 962; x_wconf 86' lang='lat' dir='ltr'><strong>constet</strong></span> <span class='ocrx_word' id='word_1_45' title='bbox 438 923 500 961; x_wconf 89' lang='lat' dir='ltr'><strong>esse</strong></span> <span class='ocrx_word' id='word_1_46' title='bbox 523 905 691 976; x_wconf 86' lang='lat' dir='ltr'><strong>laudandos,</strong></span> <span class='ocrx_word' id='word_1_47' title='bbox 713 905 743 962; x_wconf 93' lang='lat' dir='ltr'><strong>in</strong></span> <span class='ocrx_word' id='word_1_48' title='bbox 766 903 871 979; x_wconf 79' lang='lat' dir='ltr'><strong>dispari</strong></span> <span class='ocrx_word' id='word_1_49' title='bbox 895 913 995 976; x_wconf 88' lang='lat' dir='ltr'><strong>tamen</strong></span> 
     </span>
     <span class='ocr_line' id='line_1_8' title="bbox 212 1000 995 1079; baseline -0.001 -21"><span class='ocrx_word' id='word_1_50' title='bbox 212 1020 316 1079; x_wconf 83' lang='lat' dir='ltr'>genere</span> <span class='ocrx_word' id='word_1_51' title='bbox 336 1000 494 1058; x_wconf 89' lang='lat' dir='ltr'><strong>laudentur.</strong></span> <span class='ocrx_word' id='word_1_52' title='bbox 542 1001 639 1077; x_wconf 81' lang='lat' dir='ltr'>Atque</span> <span class='ocrx_word' id='word_1_53' title='bbox 659 1001 688 1058; x_wconf 90' lang='lat' dir='ltr'><strong>id</strong></span> <span class='ocrx_word' id='word_1_54' title='bbox 707 1000 830 1076; x_wconf 88' lang='lat' dir='ltr'><strong>primurn</strong></span> <span class='ocrx_word' id='word_1_55' title='bbox 850 1000 879 1057; x_wconf 94' lang='lat' dir='ltr'><strong>in</strong></span> <span class='ocrx_word' id='word_1_56' title='bbox 899 1000 995 1076; x_wconf 74' lang='lat' dir='ltr'><strong>poetis</strong></span> 
     </span>
     <span class='ocr_line' id='line_1_9' title="bbox 213 1096 994 1174; baseline -0.003 -19"><span class='ocrx_word' id='word_1_57' title='bbox 213 1096 292 1155; x_wconf 87' lang='lat' dir='ltr'><strong>cerni</strong></span> <span class='ocrx_word' id='word_1_58' title='bbox 316 1097 393 1169; x_wconf 85' lang='lat' dir='ltr'><strong>licet,</strong></span> <span class='ocrx_word' id='word_1_59' title='bbox 418 1097 522 1171; x_wconf 88' lang='lat' dir='ltr'><strong>quibus</strong></span> <span class='ocrx_word' id='word_1_60' title='bbox 542 1108 586 1155; x_wconf 88' lang='lat' dir='ltr'><strong>est</strong></span> <span class='ocrx_word' id='word_1_61' title='bbox 611 1097 740 1173; x_wconf 77' lang='lat' dir='ltr'><strong>proxima</strong></span> <span class='ocrx_word' id='word_1_62' title='bbox 765 1096 899 1174; x_wconf 82' lang='lat' dir='ltr'><strong>cognatio</strong></span> <span class='ocrx_word' id='word_1_63' title='bbox 925 1114 994 1154; x_wconf 84' lang='lat' dir='ltr'><strong>curn</strong></span> 
     </span>
     <span class='ocr_line' id='line_1_10' title="bbox 212 1192 996 1269; baseline 0.001 -18"><span class='ocrx_word' id='word_1_64' title='bbox 212 1194 380 1265; x_wconf 86' lang='lat' dir='ltr'><strong>oratoribus,</strong></span> <span class='ocrx_word' id='word_1_65' title='bbox 401 1212 486 1269; x_wconf 89' lang='lat' dir='ltr'><strong>quam</strong></span> <span class='ocrx_word' id='word_1_66' title='bbox 506 1193 564 1252; x_wconf 87' lang='lat' dir='ltr'><strong>sint</strong></span> <span class='ocrx_word' id='word_1_67' title='bbox 583 1194 657 1251; x_wconf 91' lang='lat' dir='ltr'><strong>inter</strong></span> <span class='ocrx_word' id='word_1_68' title='bbox 677 1210 739 1251; x_wconf 86' lang='lat' dir='ltr'><strong>sese</strong></span> <span class='ocrx_word' id='word_1_69' title='bbox 759 1193 881 1264; x_wconf 83' lang='lat' dir='ltr'><strong>Ennius,</strong></span> <span class='ocrx_word' id='word_1_70' title='bbox 902 1192 996 1252; x_wconf 91' lang='lat' dir='ltr'><strong>Pacu-</strong></span> 
     </span>
     <span class='ocr_line' id='line_1_11' title="bbox 166 1289 996 1366; baseline 0 -19"><span class='ocrx_word' id='word_1_71' title='bbox 166 1306 197 1355; x_wconf 82' lang='lat'><strong>1⁰</strong></span> <span class='ocrx_word' id='word_1_72' title='bbox 212 1290 284 1363; x_wconf 86' lang='lat' dir='ltr'><strong>vius,</strong></span> <span class='ocrx_word' id='word_1_73' title='bbox 298 1290 465 1366; x_wconf 71' lang='lat' dir='ltr'><strong>Acciusque</strong></span> <span class='ocrx_word' id='word_1_74' title='bbox 484 1290 653 1359; x_wconf 59' lang='lat' dir='ltr'><strong>dissimilem</strong></span> <span class='ocrx_word' id='word_1_75' title='bbox 676 1308 760 1365; x_wconf 84' lang='lat' dir='ltr'><strong>quam</strong></span> <span class='ocrx_word' id='word_1_76' title='bbox 782 1289 855 1365; x_wconf 89' lang='lat' dir='ltr'><strong>apud</strong></span> <span class='ocrx_word' id='word_1_77' title='bbox 874 1289 996 1347; x_wconf 77' lang='lat' dir='ltr'><strong>Graecos</strong></span> 
     </span>
     <span class='ocr_line' id='line_1_12' title="bbox 98 1385 995 1463; baseline -0.002 -18"><span class='ocrx_word' id='word_1_78' title='bbox 98 1454 102 1461; x_wconf 25' lang='lat'><strong><em>⁴</em></strong></span> <span class='ocrx_word' id='word_1_79' title='bbox 162 1440 166 1447; x_wconf 77' lang='grc'>,</span> <span class='ocrx_word' id='word_1_80' title='bbox 214 1386 377 1463; x_wconf 81' lang='lat' dir='ltr'><strong>AEschylus,</strong></span> <span class='ocrx_word' id='word_1_81' title='bbox 391 1386 559 1463; x_wconf 84' lang='lat' dir='ltr'><strong>Sophocles,</strong></span> <span class='ocrx_word' id='word_1_82' title='bbox 571 1385 734 1462; x_wconf 84' lang='lat' dir='ltr'><strong>Euripides,</strong></span> <span class='ocrx_word' id='word_1_83' title='bbox 753 1403 915 1461; x_wconf 81' lang='lat' dir='ltr'><strong>quanquam</strong></span> <span class='ocrx_word' id='word_1_84' title='bbox 932 1404 995 1454; x_wconf 83' lang='lat' dir='ltr'><strong>om·</strong></span> 
     </span>
     <span class='ocr_line' id='line_1_13' title="bbox 213 1480 995 1559; baseline -0.001 -19"><span class='ocrx_word' id='word_1_85' title='bbox 213 1481 298 1541; x_wconf 83' lang='lat' dir='ltr'><strong>nibus</strong></span> <span class='ocrx_word' id='word_1_86' title='bbox 310 1501 360 1559; x_wconf 87' lang='lat' dir='ltr'><strong>par</strong></span> <span class='ocrx_word' id='word_1_87' title='bbox 373 1500 454 1559; x_wconf 81' lang='lat' dir='ltr'><strong>pene</strong></span> <span class='ocrx_word' id='word_1_88' title='bbox 467 1482 529 1539; x_wconf 90' lang='lat' dir='ltr'><strong>laus</strong></span> <span class='ocrx_word' id='word_1_89' title='bbox 542 1482 572 1540; x_wconf 91' lang='lat' dir='ltr'><strong>in</strong></span> <span class='ocrx_word' id='word_1_90' title='bbox 587 1480 717 1539; x_wconf 86' lang='lat' dir='ltr'><strong>dissimili</strong></span> <span class='ocrx_word' id='word_1_91' title='bbox 730 1480 875 1540; x_wconf 85' lang='lat' dir='ltr'><strong>scribendi</strong></span> <span class='ocrx_word' id='word_1_92' title='bbox 887 1499 995 1558; x_wconf 74' lang='lat' dir='ltr'><strong>genere</strong></span> 
     </span>
     <span class='ocr_line' id='line_1_14' title="bbox 213 1579 362 1637; baseline 0.007 0"><span class='ocrx_word' id='word_1_93' title='bbox 213 1579 362 1637; x_wconf 76' lang='lat' dir='ltr'><strong>tribuatur.</strong></span> 
     </span>
     <span class='ocr_line' id='line_1_15' title="bbox 251 1674 1072 1751; baseline 0.005 -19"><span class='ocrx_word' id='word_1_94' title='bbox 251 1674 383 1751; x_wconf 78' lang='lat' dir='ltr'><strong>Aspicite</strong></span> <span class='ocrx_word' id='word_1_95' title='bbox 402 1693 481 1733; x_wconf 90' lang='lat' dir='ltr'><strong>nuuc</strong></span> <span class='ocrx_word' id='word_1_96' title='bbox 501 1692 552 1733; x_wconf 87' lang='lat' dir='ltr'><strong>eos</strong></span> <span class='ocrx_word' id='word_1_97' title='bbox 571 1674 701 1731; x_wconf 90' lang='lat' dir='ltr'><strong>homines</strong></span> <span class='ocrx_word' id='word_1_98' title='bbox 725 1684 808 1750; x_wconf 86' lang='lat' dir='ltr'><strong>atque</strong></span> <span class='ocrx_word' id='word_1_99' title='bbox 830 1674 994 1747; x_wconf 80' lang='lat' dir='ltr'><strong>intuemini,</strong></span> <span class='ocrx_word' id='word_1_100' title='bbox 1071 1701 1072 1736; x_wconf 75' lang='lat' dir='ltr'><strong>l</strong></span> 
     </span>
     <span class='ocr_line' id='line_1_16' title="bbox 167 1770 995 1847; baseline 0.001 -18"><span class='ocrx_word' id='word_1_101' title='bbox 167 1790 198 1837; x_wconf 81' lang='lat'><strong>15</strong></span> <span class='ocrx_word' id='word_1_102' title='bbox 212 1789 331 1846; x_wconf 86' lang='lat' dir='ltr'><strong>quorum</strong></span> <span class='ocrx_word' id='word_1_103' title='bbox 358 1771 394 1832; x_wconf 85' lang='lat' dir='ltr'><strong>de</strong></span> <span class='ocrx_word' id='word_1_104' title='bbox 421 1770 555 1829; x_wconf 77' lang='lat' dir='ltr'><strong>facultate</strong></span> <span class='ocrx_word' id='word_1_105' title='bbox 588 1770 749 1847; x_wconf 79' lang='lat' dir='ltr'><strong>quaerimus,</strong></span> <span class='ocrx_word' id='word_1_106' title='bbox 780 1771 849 1846; x_wconf 91' lang='lat' dir='ltr'><strong>quid</strong></span> <span class='ocrx_word' id='word_1_107' title='bbox 882 1771 995 1830; x_wconf 88' lang='lat' dir='ltr'><strong>intersit</strong></span> 
     </span>
     <span class='ocr_line' id='line_1_17' title="bbox 213 1866 1071 1941; baseline 0.002 -17"><span class='ocrx_word' id='word_1_108' title='bbox 213 1866 285 1924; x_wconf 91' lang='lat' dir='ltr'><strong>inter</strong></span> <span class='ocrx_word' id='word_1_109' title='bbox 312 1876 456 1924; x_wconf 87' lang='lat' dir='ltr'><strong>oratorum</strong></span> <span class='ocrx_word' id='word_1_110' title='bbox 487 1867 582 1924; x_wconf 90' lang='lat' dir='ltr'><strong>studia</strong></span> <span class='ocrx_word' id='word_1_111' title='bbox 607 1877 691 1941; x_wconf 89' lang='lat' dir='ltr'><strong>atque</strong></span> <span class='ocrx_word' id='word_1_112' title='bbox 717 1878 840 1926; x_wconf 85' lang='lat' dir='ltr'><strong>naturas.</strong></span> <span class='ocrx_word' id='word_1_113' title='bbox 895 1869 996 1926; x_wconf 81' lang='lat' dir='ltr'><strong>Suari·</strong></span> <span class='ocrx_word' id='word_1_114' title='bbox 1070 1916 1071 1925; x_wconf 68' lang='grc'>,</span> 
     </span>
     <span class='ocr_line' id='line_1_18' title="bbox 212 1961 995 2039; baseline 0.003 -19"><span class='ocrx_word' id='word_1_115' title='bbox 212 1972 299 2020; x_wconf 89' lang='lat' dir='ltr'><strong>tatem</strong></span> <span class='ocrx_word' id='word_1_116' title='bbox 331 1961 482 2034; x_wconf 87' lang='lat' dir='ltr'><strong>Isocrates,</strong></span> <span class='ocrx_word' id='word_1_117' title='bbox 509 1962 695 2020; x_wconf 86' lang='lat' dir='ltr'><strong>subtilitatem</strong></span> <span class='ocrx_word' id='word_1_118' title='bbox 727 1962 838 2039; x_wconf 82' lang='lat' dir='ltr'><strong>Lysias,</strong></span> <span class='ocrx_word' id='word_1_119' title='bbox 872 1982 995 2023; x_wconf 89' lang='lat' dir='ltr'><strong>acumen</strong></span> 
     </span>
     <span class='ocr_line' id='line_1_19' title="bbox 214 2057 996 2135; baseline 0.001 -17"><span class='ocrx_word' id='word_1_120' title='bbox 214 2057 383 2135; x_wconf 82' lang='lat' dir='ltr'><strong>Hyperides,</strong></span> <span class='ocrx_word' id='word_1_121' title='bbox 399 2057 522 2116; x_wconf 89' lang='lat' dir='ltr'><strong>sonitum</strong></span> <span class='ocrx_word' id='word_1_122' title='bbox 536 2057 700 2129; x_wconf 84' lang='lat' dir='ltr'><strong>AEscbines,</strong></span> <span class='ocrx_word' id='word_1_123' title='bbox 714 2058 771 2116; x_wconf 87' lang='lat' dir='ltr'><strong>rim</strong></span> <span class='ocrx_word' id='word_1_124' title='bbox 785 2059 996 2120; x_wconf 84' lang='lat' dir='ltr'><strong>Demosthenes</strong></span> 
     </span>
     <span class='ocr_line' id='line_1_20' title="bbox 213 2152 995 2233; baseline 0.005 -21"><span class='ocrx_word' id='word_1_125' title='bbox 213 2154 319 2212; x_wconf 88' lang='lat' dir='ltr'><strong>habuit.</strong></span> <span class='ocrx_word' id='word_1_126' title='bbox 358 2152 436 2215; x_wconf 78' lang='lat' dir='ltr'><strong>Quis</strong></span> <span class='ocrx_word' id='word_1_127' title='bbox 455 2170 555 2210; x_wconf 88' lang='lat' dir='ltr'><strong>eorum</strong></span> <span class='ocrx_word' id='word_1_128' title='bbox 575 2173 631 2212; x_wconf 92' lang='lat' dir='ltr'><strong>nun</strong></span> <span class='ocrx_word' id='word_1_129' title='bbox 649 2154 801 2231; x_wconf 83' lang='lat' dir='ltr'><strong>egregiusl</strong></span> <span class='ocrx_word' id='word_1_130' title='bbox 821 2168 917 2214; x_wconf 88' lang='lat' dir='ltr'><strong>tamen</strong></span> <span class='ocrx_word' id='word_1_131' title='bbox 930 2158 995 2233; x_wconf 89' lang='lat' dir='ltr'><strong>quis</strong></span> 
     </span>
     <span class='ocr_line' id='line_1_21' title="bbox 166 2249 996 2326; baseline 0.002 -17"><span class='ocrx_word' id='word_1_132' title='bbox 166 2271 198 2322; x_wconf 69' lang='grc' dir='ltr'><em>ω</em></span> <span class='ocrx_word' id='word_1_133' title='bbox 214 2251 381 2326; x_wconf 88' lang='lat' dir='ltr'><strong>cujusquam</strong></span> <span class='ocrx_word' id='word_1_134' title='bbox 400 2250 456 2308; x_wconf 90' lang='lat' dir='ltr'><strong>nisi</strong></span> <span class='ocrx_word' id='word_1_135' title='bbox 479 2250 523 2308; x_wconf 90' lang='lat' dir='ltr'><strong>sui</strong></span> <span class='ocrx_word' id='word_1_136' title='bbox 550 2249 670 2308; x_wconf 73' lang='lat' dir='ltr'><strong>similist</strong></span> <span class='ocrx_word' id='word_1_137' title='bbox 722 2250 897 2310; x_wconf 83' lang='lat' dir='ltr'><strong>Gravitatem</strong></span> <span class='ocrx_word' id='word_1_138' title='bbox 917 2253 996 2311; x_wconf 75' lang='lat' dir='ltr'><strong>Afri-</strong></span> 
     </span>
     <span class='ocr_line' id='line_1_22' title="bbox 203 2344 996 2425; baseline 0.004 -21"><span class='ocrx_word' id='word_1_139' title='bbox 203 2365 313 2417; x_wconf 84' lang='lat' dir='ltr'><strong>canus,</strong></span> <span class='ocrx_word' id='word_1_140' title='bbox 326 2347 471 2404; x_wconf 87' lang='lat' dir='ltr'><strong>lenitatem</strong></span> <span class='ocrx_word' id='word_1_141' title='bbox 487 2344 602 2418; x_wconf 83' lang='lat' dir='ltr'><strong>Lelius,</strong></span> <span class='ocrx_word' id='word_1_142' title='bbox 617 2347 795 2422; x_wconf 85' lang='lat' dir='ltr'><strong>asperitatem</strong></span> <span class='ocrx_word' id='word_1_143' title='bbox 815 2348 919 2420; x_wconf 87' lang='lat' dir='ltr'><strong>Galba,</strong></span> <span class='ocrx_word' id='word_1_144' title='bbox 930 2367 996 2425; x_wconf 89' lang='lat' dir='ltr'><strong>pro-</strong></span> 
     </span>
     <span class='ocr_line' id='line_1_23' title="bbox 214 2440 996 2516; baseline 0.003 -18"><span class='ocrx_word' id='word_1_145' title='bbox 214 2441 305 2499; x_wconf 87' lang='lat' dir='ltr'><strong>fluens</strong></span> <span class='ocrx_word' id='word_1_146' title='bbox 317 2442 452 2516; x_wconf 91' lang='lat' dir='ltr'><strong>quiddam</strong></span> <span class='ocrx_word' id='word_1_147' title='bbox 465 2440 565 2500; x_wconf 91' lang='lat' dir='ltr'><strong>habuit</strong></span> <span class='ocrx_word' id='word_1_148' title='bbox 578 2442 674 2500; x_wconf 85' lang='lat' dir='ltr'><strong>Carbo</strong></span> <span class='ocrx_word' id='word_1_149' title='bbox 687 2452 717 2500; x_wconf 93' lang='lat' dir='ltr'><strong>et</strong></span> <span class='ocrx_word' id='word_1_150' title='bbox 729 2460 877 2500; x_wconf 88' lang='lat' dir='ltr'><strong>canorum.</strong></span> <span class='ocrx_word' id='word_1_151' title='bbox 916 2444 996 2507; x_wconf 82' lang='lat' dir='ltr'><strong>Quis</strong></span> 
     </span>
     <span class='ocr_line' id='line_1_24' title="bbox 214 2535 997 2613; baseline 0.009 -20"><span class='ocrx_word' id='word_1_152' title='bbox 214 2536 315 2594; x_wconf 88' lang='lat' dir='ltr'><strong>horum</strong></span> <span class='ocrx_word' id='word_1_153' title='bbox 338 2556 397 2595; x_wconf 89' lang='lat' dir='ltr'><strong>non</strong></span> <span class='ocrx_word' id='word_1_154' title='bbox 422 2535 557 2613; x_wconf 87' lang='lat' dir='ltr'><strong>princeps</strong></span> <span class='ocrx_word' id='word_1_155' title='bbox 582 2538 757 2613; x_wconf 87' lang='lat' dir='ltr'><strong>temporibus</strong></span> <span class='ocrx_word' id='word_1_156' title='bbox 783 2539 839 2598; x_wconf 88' lang='lat' dir='ltr'><strong>illis</strong></span> <span class='ocrx_word' id='word_1_157' title='bbox 865 2539 940 2598; x_wconf 82' lang='lat' dir='ltr'><strong>suitl</strong></span> <span class='ocrx_word' id='word_1_158' title='bbox 966 2551 997 2600; x_wconf 88' lang='lat' dir='ltr'><strong>et</strong></span> 
     </span>
     <span class='ocr_line' id='line_1_25' title="bbox 215 2632 822 2711; baseline 0.003 -19"><span class='ocrx_word' id='word_1_159' title='bbox 215 2651 267 2692; x_wconf 81' lang='lat' dir='ltr'><strong>suo</strong></span> <span class='ocrx_word' id='word_1_160' title='bbox 280 2642 375 2692; x_wconf 91' lang='lat' dir='ltr'><strong>tamen</strong></span> <span class='ocrx_word' id='word_1_161' title='bbox 389 2632 508 2710; x_wconf 87' lang='lat' dir='ltr'><strong>quisque</strong></span> <span class='ocrx_word' id='word_1_162' title='bbox 522 2632 552 2692; x_wconf 93' lang='lat' dir='ltr'><strong>in</strong></span> <span class='ocrx_word' id='word_1_163' title='bbox 565 2651 669 2711; x_wconf 78' lang='lat' dir='ltr'><strong>genere</strong></span> <span class='ocrx_word' id='word_1_164' title='bbox 682 2634 822 2711; x_wconf 81' lang='lat' dir='ltr'><strong>princeps</strong></span> 
     </span>
    </p>
   </div>
   <div class='ocr_carea' id='block_1_3' title="bbox 166 2823 996 3095">
    <p class='ocr_par' dir='ltr' id='par_1_3' title="bbox 166 2823 996 3095">
     <span class='ocr_line' id='line_1_26' title="bbox 166 2823 995 2904; baseline 0.007 -20"><span class='ocrx_word' id='word_1_165' title='bbox 166 2851 198 2900; x_wconf 51' lang='grc' dir='ltr'><strong><em>ω</em></strong></span> <span class='ocrx_word' id='word_1_166' title='bbox 252 2825 334 2884; x_wconf 90' lang='lat' dir='ltr'><strong>VIII.</strong></span> <span class='ocrx_word' id='word_1_167' title='bbox 365 2825 422 2884; x_wconf 85' lang='lat' dir='ltr'><strong>Sed</strong></span> <span class='ocrx_word' id='word_1_168' title='bbox 443 2823 511 2902; x_wconf 91' lang='lat' dir='ltr'><strong>quid</strong></span> <span class='ocrx_word' id='word_1_169' title='bbox 530 2845 587 2904; x_wconf 78' lang='lat' dir='ltr'><strong>ego</strong></span> <span class='ocrx_word' id='word_1_170' title='bbox 609 2837 705 2885; x_wconf 88' lang='lat' dir='ltr'><strong>vetera</strong></span> <span class='ocrx_word' id='word_1_171' title='bbox 730 2827 907 2904; x_wconf 84' lang='lat' dir='ltr'><strong>conquiram,</strong></span> <span class='ocrx_word' id='word_1_172' title='bbox 927 2848 995 2891; x_wconf 88' lang='lat' dir='ltr'><strong>cum</strong></span> 
     </span>
     <span class='ocr_line' id='line_1_27' title="bbox 202 2920 996 3001; baseline 0.004 -19"><span class='ocrx_word' id='word_1_173' title='bbox 202 2920 284 2982; x_wconf 33' lang='lat' dir='ltr'><strong>,mihi</strong></span> <span class='ocrx_word' id='word_1_174' title='bbox 297 2923 382 2980; x_wconf 87' lang='lat' dir='ltr'><strong>liceat</strong></span> <span class='ocrx_word' id='word_1_175' title='bbox 395 2921 436 2980; x_wconf 93' lang='lat' dir='ltr'><strong>uti</strong></span> <span class='ocrx_word' id='word_1_176' title='bbox 450 2922 637 2998; x_wconf 78' lang='lat' dir='ltr'><strong>presentibus</strong></span> <span class='ocrx_word' id='word_1_177' title='bbox 656 2923 794 3001; x_wconf 79' lang='lat' dir='ltr'><strong>exemplis</strong></span> <span class='ocrx_word' id='word_1_178' title='bbox 807 2935 891 3001; x_wconf 87' lang='lat' dir='ltr'><strong>atque</strong></span> <span class='ocrx_word' id='word_1_179' title='bbox 905 2925 996 2986; x_wconf 81' lang='lat' dir='ltr'><strong>vivisl</strong></span> 
     </span>
     <span class='ocr_line' id='line_1_28' title="bbox 201 3015 996 3095; baseline 0 -15"><span class='ocrx_word' id='word_1_180' title='bbox 201 3015 295 3080; x_wconf 73' lang='lat' dir='ltr'><strong>¹Quid</strong></span> <span class='ocrx_word' id='word_1_181' title='bbox 312 3017 468 3095; x_wconf 87' lang='lat' dir='ltr'><strong>jucundius</strong></span> <span class='ocrx_word' id='word_1_182' title='bbox 488 3018 603 3078; x_wconf 89' lang='lat' dir='ltr'><strong>auribus</strong></span> <span class='ocrx_word' id='word_1_183' title='bbox 621 3018 728 3078; x_wconf 73' lang='lat' dir='ltr'><strong>neuris</strong></span> <span class='ocrx_word' id='word_1_184' title='bbox 747 3039 873 3095; x_wconf 87' lang='lat' dir='ltr'><strong>unquam</strong></span> <span class='ocrx_word' id='word_1_185' title='bbox 889 3022 996 3082; x_wconf 90' lang='lat' dir='ltr'><strong>accidit</strong></span> 
     </span>
    </p>
   </div>
   <div class='ocr_carea' id='block_1_4' title="bbox 0 0 1089 3525">
    <p class='ocr_par' dir='ltr' id='par_1_4' title="bbox 0 0 1089 3525">
     <span class='ocr_line' id='line_1_29' title="bbox 0 0 1089 3525; baseline 0 0"><span class='ocrx_word' id='word_1_186' title='bbox 0 0 1089 3525; x_wconf 95' lang='lat' dir='ltr'><strong> </strong></span> 
     </span>
    </p>
   </div>
  </div>
 </body>
</html>
