2167 3525
138 284 179 343 46
457 294 500 345 uu
521 294 683 345 our‘rouu
885 292 924 351 [r.
933 292 965 337 u,

185 440 255 501 illud
275 443 378 515 Sieuli,
399 444 457 516 oui,
478 462 545 507 oum
564 442 712 505 familiaris
731 442 844 518 quidam
869 458 965 518 quere·

184 548 271 611 retur,
286 540 362 615 quod
382 540 501 612 diceret,
515 559 631 598 uxorem
647 559 728 597 suam
741 539 921 615 suspendisse
935 556 965 597 se

183 636 221 693 de
240 636 307 708 lieu,
328 637 471 695 “Amabo
491 638 549 707 te,''
564 636 665 711 inquit,
680 635 746 693 “du
765 635 835 692 mihi
856 653 892 692 ex
911 633 966 691 ism

184 733 294 805 arbore,
308 752 379 809 quos
393 752 484 793 serum
498 732 655 793 suroulos.’'
696 731 731 789 lu
745 731 846 789 eodem
860 748 966 807 genere

152 838 236 900 besl,
251 830 327 904 quod
341 830 461 887 Catulus
474 829 546 891 dixit
559 829 673 887 euidsm
694 828 799 887 oratori
817 828 902 895 malo,
917 825 965 903 qui

184 942 249 985 eum
268 925 298 982 in
316 925 430 1003 epilogo
448 924 675 983 misericordium
695 944 725 987 se
746 924 867 981 movisse
886 932 966 998 puts·
1072 969 1073 972 ,

183 1024 397 1097 rer,'posrqusm
418 1021 533 1093 assedit,
554 1021 665 1097 rogavit
685 1021 772 1091 huno,
786 1019 967 1078 videreturne
1072 1097 1073 1104 ἵ

183 1117 407 1175 misericordiam
421 1117 558 1188 movisse3
581 1118 657 1175 “Ao
673 1136 806 1194 magnam
820 1116 964 1190 quidem,’'

183 1214 291 1291 iuquit;
312 1214 486 1274 “neminem
505 1213 583 1271 enim
602 1224 672 1290 puto
692 1232 754 1271 esse
774 1222 832 1270 tem
852 1212 965 1283 durum,

137 1320 167 1369 10
183 1310 231 1369 eui
251 1329 309 1368 nou
330 1310 422 1369 oratio
441 1320 492 1369 tua
511 1311 673 1370 miserenda
691 1310 752 1367 uisa
771 1309 834 1366 sit.''

222 1406 273 1465 lde
286 1408 412 1483 quidem,
426 1408 553 1479 heroule,
567 1407 649 1465 vulde
669 1407 717 1464 ills
735 1415 850 1464 movent
863 1414 966 1461 stoma·
1072 1403 1073 1412 ’

183 1504 282 1573 ohosa,
296 1514 324 1562 et
344 1503 424 1579 qussi
443 1504 612 1563 submorosa
630 1503 762 1574 ridicula,
783 1521 850 1559 oum
869 1519 927 1558 uon
948 1519 966 1557 r
1072 1511 1074 1554 l

183 1614 297 1655 moroso
315 1599 465 1657 dicuutur:
486 1609 547 1657 tum
560 1599 638 1659 euim
651 1616 709 1655 nou
724 1598 775 1669 sal,
789 1598 840 1655 sed
853 1606 964 1668 ustura,

182 1694 297 1751 ridetur.
352 1693 387 1751 Iu
414 1712 481 1769 quo,
508 1705 540 1753 ut
566 1695 637 1755 mihi
662 1694 783 1767 videtur,
808 1692 965 1770 persalsum

137 1801 168 1850 rs
181 1789 253 1853 illud
267 1800 310 1846 est
324 1789 398 1865 apud
412 1789 552 1848 Naevium.

459 1949 474 1976 “
483 1945 551 2004 Quid
562 1946 652 2009 plores,
662 1949 748 2009 paler?

306 2025 400 2076 Mirum
410 2027 437 2074 ni
447 2032 560 2074 euntem:
577 2027 757 2074 condemnatus
767 2026 850 2074 sum.’'

183 2175 263 2234 Huio
282 2176 382 2253 generi
402 2174 482 2250 quasi
501 2173 676 2232 eontrarium
690 2184 734 2231 est
746 2173 860 2232 ridiculi
873 2194 965 2252 genus

181 2273 315 2348 parientis
327 2292 361 2330 se
371 2272 455 2343 leuti3
467 2282 508 2344 ut,
517 2291 583 2331 uum
595 2271 669 2330 Ceto
679 2290 832 2347 percussus
842 2282 917 2330 esset
929 2272 965 2330 sb

135 2379 168 2429 20
182 2385 227 2439 eo,
242 2369 290 2442 qui
305 2387 400 2426 ercam
415 2368 531 2439 serebat,
544 2387 611 2427 oum
625 2368 673 2429 ille
687 2369 805 2440 diceret,
815 2375 833 2401 “
844 2368 963 2438 Cave;''

181 2465 300 2540 rogavit,
316 2471 333 2498 ‘⁶
344 2463 481 2537 numquid
497 2464 573 2522 aliud
587 2464 673 2522 ferret
685 2474 786 2540 preter
800 2466 939 2522 eroaml’'

221 2559 314 2617 Etiam
330 2558 455 2616 stultitiae
475 2558 549 2616 salsa
567 2560 760 2634 reprehensio,
774 2569 807 2616 ut
820 2559 866 2616 ille
881 2560 966 2618 Sicu-

182 2656 235 2729 lus,
256 2655 304 2714 oui
327 2664 428 2730 prretor
455 2654 555 2728 Scipio
580 2666 730 2730 patronum
757 2673 851 2712 eausae
878 2655 966 2715 dabat

182 2753 322 2827 hospitem
336 2769 429 2821 suum,
440 2749 585 2808 hominem
599 2750 735 2822 nobilem,
745 2751 795 2808 sed
810 2751 966 2810 admodum

134 2863 167 2912 25
182 2847 314 2906 stultum:
337 2847 502 2918 “Quaeso,''
521 2847 623 2921 iuquit,
641 2852 659 2878 “
669 2857 781 2922 praetor,
804 2848 966 2906 adversario
1072 2902 1073 2911 ,

180 2963 245 3006 rueo
266 2944 303 3002 ds
318 2945 402 3002 istum
423 2954 584 3019 patronum,
605 2943 709 3003 deiude
729 2944 799 3002 mihi
818 2945 966 3007 nemiuem
1072 2992 1073 3009 i

182 3041 320 3101 dederis.”
