2167 3525
86 313 90 320 ·
123 285 179 346 174
439 298 482 346 ns
502 297 665 344 carrona
857 292 953 353 [ιω.

166 445 222 504 hac
241 447 307 504 forti
327 466 362 505 ac
375 446 459 518 virili,
473 465 531 504 nou
553 447 588 504 ab
606 443 694 502 sceui
710 452 739 500 et
752 441 952 510 histrionibus,

166 543 217 604 sed
237 544 273 601 ab
294 543 388 616 armis,
404 553 451 602 aut
469 544 556 600 etiarn
570 561 587 599 a
599 540 737 620 palaestri.
779 537 885 594 Manus
902 556 953 594 au·

166 648 224 696 tem
237 639 332 697 minus
351 653 459 716 arguta,
475 638 573 716 digitis
593 638 767 711 subsequens
781 634 875 704 verba,
890 651 951 690 non

165 736 341 815 exprimens:
363 737 511 794 brachium
525 735 671 815 procerius
684 733 852 808 projectum,
867 730 950 809 quasi

134 832 309 907 ttquoddam
339 833 426 889 telum
452 831 607 888 orationis:
641 828 784 905 supplosio
810 827 892 903 pedis
916 827 948 886 in

166 929 398 986 contentionibus
412 941 460 986 aut
474 927 645 1002 incipiendis
660 936 708 984 aut
721 923 860 982 finiendis.

198 1024 263 1082 -Sed
289 1024 319 1082 in
346 1042 396 1082 cre
422 1034 489 1082 suut
511 1024 617 1082 omnia.
659 1022 695 1080 In
715 1040 750 1079 ec
771 1033 864 1079 autem
885 1019 949 1096 ipso

165 1117 327 1179 dominatds
340 1132 384 1179 est
401 1121 495 1178 omnis
513 1121 679 1189 oculorum;
700 1138 755 1195 quo
769 1118 869 1175 melius
883 1135 950 1175 nos·

165 1217 203 1276 tri
216 1217 256 1275 illi
270 1237 362 1291 senes,
371 1218 420 1293 qui
433 1227 615 1294 personatum
629 1235 666 1273 ne
680 1215 822 1274 Roscium
833 1213 949 1290 quidem

118 1325 151 1375 10
165 1332 337 1391 magnopere
363 1314 525 1382 laudabant.
568 1312 668 1370 Animi
695 1321 737 1368 est
758 1311 834 1368 enirn
854 1310 949 1367 omnis

166 1411 252 1482 actio,
272 1420 302 1468 et
321 1411 417 1488 imago
437 1410 523 1468 animi
537 1409 630 1466 vultus
651 1419 703 1480 est,
726 1407 835 1464 indices
853 1405 948 1463 oculi:

164 1525 232 1564 uam
252 1506 315 1564 hec
327 1516 372 1564 est
385 1524 519 1582 unapars
532 1504 669 1580 corporis,
684 1522 756 1580 quae,
771 1512 839 1578 quot
860 1501 951 1559 animi

165 1611 261 1660 motus
273 1611 349 1675 sunt,
363 1611 407 1660 tot
420 1601 644 1678 significationes
664 1610 692 1658 et
712 1598 950 1658 commutationes

165 1697 255 1775 possit
273 1699 404 1756 efficere:
438 1717 531 1775 neque
558 1715 625 1754 vero
645 1706 689 1755 est
709 1696 867 1772 quisquam,
888 1694 949 1770 qui,

118 1793 150 1843 15
165 1792 265 1849 eadem
276 1803 426 1865 contuens,
437 1792 550 1854 efficiat.
592 1790 809 1868 Theophrastus
823 1788 949 1865 quidem,

164 1886 339 1943 Tauriscum
359 1888 510 1962 quendam,
524 1887 605 1957 dixit,
621 1897 746 1944 actorem
765 1904 891 1944 aversum
906 1904 951 1942 so-

164 1981 246 2038 litum
256 1999 319 2039 esse
329 1982 435 2052 dicere,
446 1982 495 2060 qui
507 1983 536 2039 in
548 1982 668 2057 agendo,
680 1988 821 2040 contuens
833 1981 948 2056 aliquid,

164 2077 369 2153 pronuntiaret.
408 2077 509 2139 Quare
523 2076 671 2135 oculorum
680 2087 723 2135 est
736 2096 841 2154 magna
853 2076 950 2134 mode·

163 2172 253 2231 ratio:
274 2191 342 2231 nam
355 2174 414 2232 oris
426 2194 484 2233 non
497 2186 541 2233 est
555 2172 675 2231 nimium
684 2175 820 2231 mutanda
828 2160 949 2249 species,

116 2284 149 2334 ω
164 2287 201 2326 ne
222 2280 271 2327 aut
292 2270 327 2327 ad
348 2271 480 2347 ineptias,
502 2280 550 2329 aut
572 2269 607 2327 ad
628 2270 794 2346 pravitatem
816 2270 949 2345 aliquam,

163 2363 334 2423 deferamur.
374 2367 462 2425 Oculi
476 2378 552 2438 sunt,
567 2386 687 2442 quorum
703 2376 764 2425 tum
777 2366 947 2437 intentione,

162 2469 224 2517 tura
251 2460 428 2533 remissione,
452 2473 514 2523 tum
541 2463 686 2540 conjectu,
708 2473 768 2521 turn
796 2462 948 2533 hilaritate,

163 2562 258 2610 motus
278 2556 438 2615 animorum
458 2558 654 2634 significemus
675 2570 739 2635 apte
757 2578 824 2621 curn
842 2578 950 2637 genere

163 2649 226 2725 ipso
246 2650 400 2710 orationis:
418 2663 465 2732 lest
484 2654 561 2711 enim
583 2656 659 2713 actio
672 2656 752 2731 quasi
772 2673 866 2713 sermo
886 2674 950 2713 cor·

115 2763 148 2813 25
161 2744 256 2819 poris;
282 2764 339 2823 quo
358 2748 450 2825 magis
469 2750 559 2807 menti
580 2768 741 2827 congruens
764 2769 827 2809 esse
853 2752 947 2810 debet

162 2837 273 2897 Oculos
300 2852 394 2899 autem
420 2855 523 2903 natura
548 2845 642 2917 uobis,
663 2856 695 2904 ut
718 2866 792 2923 equo
815 2858 845 2906 et
869 2848 949 2909 leoni

162 2944 247 3005 setas,
261 2938 393 3009 caudam,
408 2939 500 3012 aures,
515 2941 551 2999 ad
570 2951 663 2999 motus
680 2943 839 3002 'animorum
854 2942 949 3001 deola·

161 3028 275 3103 rondes,
300 3032 386 3092 dedit.
426 3034 538 3111 Quare,
559 3038 589 3097 in
616 3037 671 3097 ltac
697 3040 794 3099 nostra
821 3040 948 3111 actione,
