2167 3525
113 252 206 329 nna
289 282 293 290 ·
396 254 626 305 moaswnn
772 263 775 271 ·
904 244 944 315 21

112 400 291 461 desideretur
306 401 421 481 (natura
434 404 511 463 anim
531 405 615 483 fingit
627 404 766 465 'homines
777 413 808 463 ot
821 412 901 463 creat

113 499 272 571 imitatores
294 511 323 559 et
346 512 509 561 narratores
532 503 651 574 facetos,
664 513 694 561 et
717 502 797 562 vultu
821 500 903 577 adju·

112 607 209 670 rante,
224 607 252 655 et
274 616 355 670 voco,
369 608 399 657 et
421 598 484 675 ipso
503 618 614 677 genere
636 598 807 679 sermonis);
838 608 902 657 tum

114 693 235 753 veroin
259 693 315 753 hoc
339 695 429 753 altero
453 696 625 769 dicacitatis,
650 696 720 773 quid
743 696 828 753 habet
855 713 901 753 ars

114 788 182 862 loci,
206 808 272 851 curn
297 803 363 849 ante
387 792 458 851 iliud
482 792 607 869 facetum
631 793 741 853 dictum
763 793 933 851 omnsamd

114 884 221 946 herote
234 887 348 959 debeat,
360 907 448 964 quam
468 889 590 965 cogitari
609 890 737 965 potuisse
750 888 900 947 rideaturi

112 980 196 1045 Quid
221 983 299 1041 eninr
327 983 376 1041 hic
403 1002 483 1043 mous
510 985 595 1042 frater
623 985 659 1043 ab
685 994 746 1043 arto
772 984 901 1061 adjuvari

112 1078 216 1156 potuit,
230 1098 298 1137 cum
320 1099 338 1138 a
356 1080 489 1157 Philippo
509 1080 709 1159 iuterrogatus,
729 1081 798 1159 quid
817 1080 903 1139 latra-

112 1186 167 1247 ret,
195 1176 330 1235 “Furem
357 1194 388 1235 se
416 1177 540 1249 videra,''
575 1178 741 1254 respondit'i
775 1177 845 1253 quid
870 1176 901 1235 in

112 1260 193 1331 cinni
218 1273 348 1332 oratione
376 1273 507 1347 Crassus,
534 1275 579 1333 acl
606 1276 680 1351 apud
708 1274 901 1337 centumviros
917 1282 951 1333 lu

113 1380 217 1429 contra
236 1370 405 1442 Scaavolam,
425 1372 469 1431 rel
490 1382 591 1429 contra
611 1381 808 1429 accusatorem
831 1370 903 1427 Bru·

112 1478 188 1539 tum,
212 1486 355 1543 cumpro
379 1469 434 1528 Cn.
458 1470 569 1527 Planco
592 1469 721 1527 diceret?
761 1455 839 1528 Naar
862 1468 903 1541 id,

112 1564 194 1639 quod
217 1573 249 1621 tu
273 1564 343 1621 mihi
367 1564 480 1635 tribuis,
501 1564 622 1637 Antoni,
644 1564 750 1623 Crasso
770 1574 823 1638 est,
843 1583 904 1623 oru-

114 1659 199 1721 niurn
222 1660 375 1733 sententid,
397 1661 625 1720 concedendum.
665 1661 733 1721 Non
751 1662 829 1722 euim
842 1661 903 1722 sere

114 1757 267 1836 quisquam
294 1758 461 1835 reperietur,
487 1770 590 1836 praeter
616 1758 704 1831 hunc,
725 1759 755 1818 iu
781 1770 903 1836 utroque
917 1768 952 1819 ts

115 1873 222 1934 gauere
242 1856 347 1932 leporis
366 1857 520 1929 excellens,
535 1867 565 1916 et
583 1858 645 1930 illo,
658 1858 735 1933 quod
754 1858 786 1916 in
804 1875 904 1934 perpe·

115 1952 218 2010 tuitate
232 1953 380 2023 sermonis,
394 1963 423 2011 et
437 1954 503 2027 hoc,
518 1953 636 2030 quadiu
651 1953 798 2012 celeritate
818 1964 904 2030 atqoe

116 2044 196 2106 dicto
216 2057 267 2106 cst.
308 2047 384 2106 Nam
404 2048 467 2108 hacc
480 2059 620 2126 perpetua
631 2058 732 2108 contra
745 2049 904 2108 Scaevolam

117 2143 245 2203 Curiana
257 2144 387 2203 defensio
403 2156 464 2204 tota
483 2146 654 2204 redundavit
673 2145 816 2203 hilaritate
835 2144 904 2221 qud·

117 2241 185 2302 dam
198 2254 227 2300 et
244 2242 328 2320 joco;
349 2242 427 2300 dicta
442 2242 491 2300 illa
505 2241 603 2300 brevia
614 2259 674 2298 non
688 2241 795 2299 habuit.
837 2240 904 2300 Pat-
918 2251 951 2304 ὓ]

118 2340 204 2400 cahat
229 2339 306 2398 enim
334 2337 487 2396 adversarii
517 2337 668 2416 dignitati3
702 2337 733 2396 in
758 2357 816 2413 quo
842 2338 904 2416 ipse

118 2437 249 2496 ”trabat
272 2455 369 2506 suam3
400 2435 477 2513 quod
501 2447 545 2494 cst
567 2435 732 2495 hominibus
755 2435 855 2496 facetis
874 2447 904 2494 ot

119 2534 269 2593 dicacibus
289 2532 497 2604 difficillimum,
519 2532 626 2592 habero
652 2533 801 2592 hominum
820 2533 906 2592 ratio·

118 2647 186 2690 trem
206 2639 235 2687 et
255 2640 424 2705 temporum,
444 2639 474 2686 et
500 2647 544 2701 ea,
565 2649 629 2704 qun
653 2638 817 2701 occurrant,
837 2647 904 2687 curn

118 2727 274 2786 salsissime
293 2726 352 2784 dici
372 2725 492 2802 possint,
506 2735 614 2784 tencre.
653 2724 755 2801 Itaque
773 2724 905 2784 nonnulii
918 2723 952 2776 θ’)

119 2821 236 2886 ridiculi
250 2822 381 2882 homines
395 2823 451 2880 hoc
465 2822 559 2898 ipsura
571 2840 630 2880 non
649 2821 758 2880 insulso
771 2820 908 2898 interpau-
927 2883 931 2888 ,

118 2930 226 2980 tantur.
266 2919 373 2978 Dicere
386 2918 463 2978 enirn
484 2918 566 2976 aiunt
583 2917 720 2990 Ennium,
734 2923 753 2950 “
763 2916 907 2979 dammam

122 3017 282 3096 auspicata
301 3015 416 3078 facilius
435 3033 484 3074 ore
498 3014 529 3074 in
543 3013 662 3074 atrimae
674 3013 807 3092 opprimi,
820 3029 908 3092 quan
