2167 3525
4 3183 6 3276 i

116 306 196 367 arn]
396 308 441 357 on
463 308 625 358 ostreae
906 302 949 363 ta

115 457 315 537 magnitudine
327 457 511 535 praestabiles,
526 468 575 517 aut
587 459 713 518 novitate
725 459 835 536 prime,
848 469 899 519 aut

115 571 224 633 genero
243 554 303 632 ipso
321 554 495 633 singulares:
515 572 610 631 usqne
629 556 706 614 enirn
724 567 828 633 partes,
847 572 898 618 ne-

4 666 7 689 t
115 668 171 727 que
198 650 317 723 usitmae,
337 668 430 729 neque
456 652 596 730 vulgares,
623 652 820 725 admiratione,
848 662 898 718 aut

116 747 235 805 omnino
247 746 333 806 laude
345 746 440 827 digne
453 747 544 806 rideri
556 748 658 807 soient.

155 840 207 901 Est
219 844 304 903 etiarn
319 862 386 903 eum
406 844 510 903 ueteris
528 846 729 923 prestantibus
741 846 809 904 viris
822 862 928 911 eom-5

112 940 224 1017 paratio
244 941 273 1000 in
293 942 458 1001 laudatione
474 943 620 1019 preclara.
659 942 707 1001 De
719 961 777 1020 quo
789 958 897 1021 genere

113 1037 225 1095 libitum
239 1047 283 1097 est
301 1038 371 1096 mihi
390 1039 475 1117 paulo
493 1038 585 1115 plura,
599 1058 684 1115 qnam
704 1041 895 1113 ostenderam,

113 1134 219 1208 dioere,
233 1154 293 1195 non
313 1146 371 1193 tam
391 1146 505 1212 propter
525 1154 608 1195 usum
624 1136 776 1208 forensem,
789 1137 839 1213 qui
851 1147 896 1195 est

113 1248 195 1291 erne
215 1232 245 1290 in
265 1232 344 1291 omni
364 1232 421 1292 hoo
440 1250 572 1291 sermone
590 1242 739 1305 tractatus,
758 1248 843 1309 qaam
863 1242 896 1292 ut

111 1328 168 1387 hoo
187 1328 331 1401 videretis,
351 1330 376 1387 si
395 1329 576 1389 laudationes
597 1337 694 1387 essent
719 1329 749 1387 in
776 1325 897 1387 oratoris
909 1340 942 1392 10

111 1424 208 1484 offioio
236 1424 327 1502 (quod
359 1444 444 1485 nemo
476 1428 587 1504 negat),
620 1424 726 1483 oratori
759 1424 895 1483 virtutum

111 1520 240 1577 omniurn
267 1521 473 1597 cognitionem,
494 1521 558 1578 sine
584 1520 640 1595 qni
665 1519 792 1578 laudatio
817 1518 893 1578 edioi

110 1632 171 1673 non
184 1616 283 1692 possit,
297 1632 360 1673 esse
373 1616 572 1674 neeessariam.

151 1710 217 1770 Jam
236 1710 414 1790 vituperandi
433 1723 576 1789 precepta
594 1712 745 1772 contrariis
763 1730 800 1773 ex
816 1713 893 1774 ritiie

108 1809 250 1867 sumendo
269 1827 341 1882 esse,
360 1806 552 1886 perspicuum
568 1819 627 1867 est:
654 1809 737 1868 simtd
757 1820 801 1868 est
820 1809 890 1870 iliud
907 1827 939 1879 15

110 1915 176 1964 ente
190 1904 300 1978 ooulos,
314 1922 369 1964 neo
382 1906 489 1963 bonum
502 1905 593 1964 virum
607 1907 720 1982 proprie
732 1918 762 1964 et
774 1907 890 1985 copiose

107 2002 218 2061 laudari
238 2002 300 2060 sine
321 2002 464 2074 virtutum,
485 2021 539 2060 nee
561 2003 719 2079 improbum
740 2003 889 2062 notariae

108 2098 260 2173 vituperari
284 2098 346 2156 sine
366 2097 498 2156 vitiorum
519 2097 694 2174 oognitione,
714 2099 783 2156 satis
802 2098 898 2175 insig·-

106 2195 168 2252 nite
195 2204 279 2269 atque
306 2211 404 2269 aspere
429 2203 521 2269 posse.
569 2194 665 2267 Atque
691 2193 736 2250 his
761 2192 835 2250 loeis
859 2204 889 2251 et

105 2290 242 2348 laudandi
256 2301 285 2348 et
298 2289 475 2365 vituperandi
495 2306 571 2364 saepe
590 2286 671 2346 nobis
690 2299 733 2346 est
750 2289 888 2348 utendum
903 2301 936 2354 ω

107 2389 137 2446 in
151 2387 229 2445 omni
242 2405 348 2465 genere
361 2403 520 2444 osuearum.

146 2484 277 2554 Habetis,
291 2483 327 2540 de
341 2480 520 2541 inveniendis
539 2482 625 2540 rebus
637 2481 885 2561 disponendisque,

106 2581 173 2657 quid
194 2581 331 2638 sentiam:
353 2579 503 2656 adjungam
523 2578 610 2636 etiam
630 2578 833 2652 rememora,
853 2592 885 2639 ut

104 2678 202 2737 labore
216 2677 350 2736 Crassum
364 2675 465 2747 levem,
479 2693 572 2754 neque
585 2675 613 2732 ei
626 2675 778 2752 quidquam
797 2676 885 2748 alind,

104 2775 141 2832 de
160 2793 218 2850 quo
238 2773 367 2845 disseret,
380 2772 550 2849 relinquam,
567 2771 622 2829 nisi
642 2789 686 2844 es,
699 2772 802 2848 quibus
821 2771 883 2832 hee
899 2784 931 2834 25

103 2881 283 2930 exornentur.
619 2873 623 2890 '

144 3062 312 3122 LXXXVI.
342 3061 434 3141 Perge
459 3079 535 3136 vero,
563 3062 655 3137 inquit
681 3061 817 3120 Crassus:
850 3061 883 3116 li·

182 3177 247 3218 ron.
261 3177 293 3218 n.
411 3160 431 3220 7
