2167 3525
134 302 189 361 138
450 312 492 361 nn
514 312 677 359 onrronra
864 308 958 367 [nm.

177 460 253 538 (quie
267 480 335 519 sane
348 481 426 521 nunc
446 462 561 538 quidem
582 460 805 538 obsoleverunt),
820 467 869 515 aut
885 458 958 534 jurio

177 556 336 631 scientiam,
351 578 387 615 ue
407 558 468 635 ejus
487 558 601 635 quidem
622 556 747 614 universi
768 554 847 632 (uam
865 552 959 629 ponti·

176 650 284 726 ficium,
299 655 376 730 quod
396 664 438 713 est
459 656 654 731 conjunctum,
675 671 758 710 nemo
777 650 888 729 discit),
910 659 959 707 aut

176 748 378 825 eloquentiam,
399 770 483 827 quum
509 752 538 808 in
563 751 687 808 clamore
709 759 737 806 et
758 747 787 804 in
808 748 958 803 verborum

148 852 261 903 ficursu
284 848 405 923 positam
429 857 546 923 putant:
577 846 704 904 omniurn
728 861 795 900 vero
818 842 958 901 bonarum

178 942 290 1014 artium,
318 943 440 1018 denique
466 942 762 1025 virtutumipsarum,
790 938 958 998 societatem

177 1038 433 1115 cognationemque
447 1060 505 1099 non
518 1040 632 1099 ndrunt.

216 1234 358 1293 XXXIV.
391 1234 458 1307 Sed,
473 1244 505 1292 ut
526 1235 560 1292 ad
581 1235 697 1294 Graecos
717 1236 836 1294 referam
857 1231 958 1292 oratio·

177 1350 253 1404 uem,
278 1331 395 1409 (quibus
419 1350 516 1389 carcre
539 1331 569 1388 iu
595 1330 652 1388 hoc
678 1332 791 1406 quidem
819 1333 958 1389 sermonis

135 1434 165 1485 1⁰
177 1446 281 1505 genere
301 1448 359 1486 nou
377 1448 541 1506 possumus3
564 1447 630 1485 nom
643 1438 675 1485 ut
689 1428 799 1486 virtutis
814 1430 957 1499 constris,

178 1525 220 1583 uic
244 1526 380 1583 doctrinm
407 1536 472 1585 sunt
493 1526 527 1584 ab
548 1524 614 1599 illis,
635 1524 763 1601 exempla
789 1524 956 1603 repetenda)

178 1631 286 1696 septem
301 1622 387 1679 fuisse
408 1622 541 1681 dicuntur
562 1613 770 1697 unotempore,
785 1626 834 1697 qui
848 1619 958 1695 sapien-

178 1724 221 1774 tes
248 1726 276 1774 et
303 1717 473 1775 haberentur
500 1727 529 1777 et
555 1728 731 1777 vocarentur.
786 1716 827 1774 Hi
848 1734 957 1788 omues,

177 1823 279 1886 preter
293 1811 438 1870 Milesium
452 1813 577 1885 Thulen,
592 1815 753 1871 civitatibus
771 1816 829 1872 suis
840 1813 959 1885 praefue-

134 1919 165 1969 15
178 1917 251 1964 runt.
291 1907 367 1969 Quis
388 1909 496 1966 doctior
517 1909 618 1967 iisdem
639 1909 695 1966 illis
710 1914 894 1986 temporibus,
910 1921 958 1968 aut

179 2001 260 2079 eujus
273 2003 435 2077 eloquentia
448 2004 538 2061 literis
552 2004 716 2062 instructior
731 2006 817 2065 fuisse
829 2008 958 2083 traditur,

178 2119 263 2176 quam
293 2099 454 2158 Pisistratil
487 2101 536 2176 qui
568 2101 675 2177 primus
709 2101 829 2160 Homeri
861 2104 958 2176 libros,

179 2199 313 2256 oculosos
334 2207 426 2270 antea,
447 2198 490 2256 sic
511 2198 681 2273 disposuisse
702 2198 816 2270 dicitur,
832 2210 862 2256 ut
882 2218 961 2257 nunc

179 2295 323 2352 habemus.
375 2294 442 2352 Non
469 2294 523 2351 fuit
550 2295 597 2351 ille
623 2295 737 2369 quidem
765 2295 874 2354 civibus
901 2297 960 2354 suis

134 2396 166 2447 20
179 2389 265 2461 utilis,
287 2391 337 2446 sed
358 2391 398 2447 ita
418 2390 581 2468 eloquentii
609 2389 713 2461 floruit,
733 2399 765 2447 ut
784 2389 873 2449 literis
894 2391 962 2449 doc-

179 2482 309 2558 trindque
336 2492 488 2561 praestaret.
534 2483 616 2543 Quid
642 2483 788 2541 Pericles?
815 2485 851 2542 de
878 2487 961 2563 cujus

180 2576 295 2638 dicendi
323 2580 406 2655 copiti
433 2579 475 2636 sic
503 2580 675 2655 accepimus,
702 2590 742 2651 ut,
768 2600 834 2642 cum
861 2593 963 2644 contra

179 2675 353 2735 voluntatem
374 2675 594 2732 Atheniensium
614 2675 775 2753 loqueretur
795 2696 847 2753 pro
870 2680 961 2736 salute

178 2774 287 2850 patriae,
302 2771 426 2830 severius
439 2782 534 2829 tumen
550 2772 577 2828 id
592 2772 694 2846 ipsum,
709 2773 784 2846 quod
800 2774 846 2831 ille
860 2786 963 2833 contra

134 2879 166 2930 25
179 2867 328 2946 populares
342 2869 471 2926 homiues
492 2869 610 2939 diceret,
624 2869 759 2943 populare
780 2871 912 2928 omnibus
932 2882 962 2931 et

177 2966 335 3043 jucundum
357 2967 514 3023 videretur:
536 2965 619 3042 cujus
640 2965 668 3021 in
689 2964 776 3023 labris
790 2981 899 3026 veteres
913 2987 962 3026 co-

181 3062 259 3134 rnici,
286 3063 372 3120 etium
399 3081 465 3122 cum
491 3062 532 3120 illi
557 3061 759 3124 maledicerent
780 3061 871 3142 (quod
899 3065 962 3123 tuni
