<?xml version="1.0" encoding="UTF-8"?>
<!DOCTYPE html PUBLIC "-//W3C//DTD XHTML 1.0 Transitional//EN"
    "http://www.w3.org/TR/xhtml1/DTD/xhtml1-transitional.dtd">
<html xmlns="http://www.w3.org/1999/xhtml" xml:lang="en" lang="en">
 <head>
  <title>
</title>
<meta http-equiv="Content-Type" content="text/html;charset=utf-8" />
  <meta name='ocr-system' content='tesseract 3.04.00' />
  <meta name='ocr-capabilities' content='ocr_page ocr_carea ocr_par ocr_line ocrx_word'/>
</head>
<body>
  <div class='ocr_page' id='page_1' title='image "./mtciceronisadqu03dillgoog_0083.png"; bbox 0 0 2167 3525; ppageno 0'>
   <div class='ocr_carea' id='block_1_1' title="bbox 141 300 971 375">
    <p class='ocr_par' dir='ltr' id='par_1_1' title="bbox 141 300 971 375">
     <span class='ocr_line' id='line_1_1' title="bbox 141 300 971 375; baseline -0.002 -14"><span class='ocrx_word' id='word_1_1' title='bbox 141 314 221 375; x_wconf 81' lang='lat' dir='ltr'>nn]</span> <span class='ocrx_word' id='word_1_2' title='bbox 416 316 466 363; x_wconf 85' lang='lat' dir='ltr'>nn</span> <span class='ocrx_word' id='word_1_3' title='bbox 488 314 650 363; x_wconf 76' lang='lat' dir='ltr'>onunons.</span> <span class='ocrx_word' id='word_1_4' title='bbox 931 300 971 359; x_wconf 79' lang='grc'>77</span> 
     </span>
    </p>
   </div>
   <div class='ocr_carea' id='block_1_2' title="bbox 138 461 970 1792">
    <p class='ocr_par' dir='ltr' id='par_1_2' title="bbox 138 461 970 1792">
     <span class='ocr_line' id='line_1_2' title="bbox 181 461 925 541; baseline -0.008 -18"><span class='ocrx_word' id='word_1_5' title='bbox 181 464 238 523; x_wconf 89' lang='lat' dir='ltr'>His</span> <span class='ocrx_word' id='word_1_6' title='bbox 273 475 366 523; x_wconf 80' lang='lat' dir='ltr'>nutem</span> <span class='ocrx_word' id='word_1_7' title='bbox 399 464 496 523; x_wconf 82' lang='lat' dir='ltr'>formis</span> <span class='ocrx_word' id='word_1_8' title='bbox 530 475 615 541; x_wconf 86' lang='lat' dir='ltr'>atquc</span> <span class='ocrx_word' id='word_1_9' title='bbox 646 462 823 539; x_wconf 83' lang='lat' dir='ltr'><strong>corporibus,</strong></span> <span class='ocrx_word' id='word_1_10' title='bbox 850 461 925 519; x_wconf 85' lang='lat' dir='ltr'>sicut</span> 
     </span>
     <span class='ocr_line' id='line_1_3' title="bbox 141 559 924 637; baseline -0.005 -18"><span class='ocrx_word' id='word_1_11' title='bbox 141 561 274 619; x_wconf 91' lang='lat' dir='ltr'>omnibus</span> <span class='ocrx_word' id='word_1_12' title='bbox 294 580 356 636; x_wconf 80' lang='lat' dir='ltr'>quae</span> <span class='ocrx_word' id='word_1_13' title='bbox 376 562 429 619; x_wconf 89' lang='lat' dir='ltr'>sub</span> <span class='ocrx_word' id='word_1_14' title='bbox 450 571 595 637; x_wconf 82' lang='lat' dir='ltr'>aspectum</span> <span class='ocrx_word' id='word_1_15' title='bbox 616 560 742 630; x_wconf 88' lang='lat' dir='ltr'>veniunt,</span> <span class='ocrx_word' id='word_1_16' title='bbox 757 559 924 616; x_wconf 82' lang='lat' dir='ltr'><strong>admonetur</strong></span> 
     </span>
     <span class='ocr_line' id='line_1_4' title="bbox 143 655 924 733; baseline -0.004 -20"><span class='ocrx_word' id='word_1_17' title='bbox 143 658 281 715; x_wconf 81' lang='lat' dir='ltr'>memoria</span> <span class='ocrx_word' id='word_1_18' title='bbox 300 667 405 729; x_wconf 85' lang='lat' dir='ltr'>nostru,</span> <span class='ocrx_word' id='word_1_19' title='bbox 421 666 505 733; x_wconf 86' lang='lat' dir='ltr'>atque</span> <span class='ocrx_word' id='word_1_20' title='bbox 525 658 682 714; x_wconf 81' lang='lat' dir='ltr'>excitatur:</span> <span class='ocrx_word' id='word_1_21' title='bbox 703 656 753 713; x_wconf 87' lang='lat' dir='ltr'>sed</span> <span class='ocrx_word' id='word_1_22' title='bbox 766 655 838 713; x_wconf 91' lang='lat' dir='ltr'>locis</span> <span class='ocrx_word' id='word_1_23' title='bbox 852 671 924 730; x_wconf 92' lang='lat' dir='ltr'>opus</span> 
     </span>
     <span class='ocr_line' id='line_1_5' title="bbox 143 752 923 830; baseline -0.003 -21"><span class='ocrx_word' id='word_1_24' title='bbox 143 763 203 809; x_wconf 87' lang='lat' dir='ltr'>est:</span> <span class='ocrx_word' id='word_1_25' title='bbox 224 754 327 811; x_wconf 86' lang='lat' dir='ltr'>etenim</span> <span class='ocrx_word' id='word_1_26' title='bbox 339 772 443 829; x_wconf 91' lang='lat' dir='ltr'>corpus</span> <span class='ocrx_word' id='word_1_27' title='bbox 456 754 578 830; x_wconf 84' lang='lat' dir='ltr'>intelligi</span> <span class='ocrx_word' id='word_1_28' title='bbox 591 754 654 810; x_wconf 86' lang='lat' dir='ltr'>sine</span> <span class='ocrx_word' id='word_1_29' title='bbox 668 752 733 809; x_wconf 92' lang='lat' dir='ltr'>loco</span> <span class='ocrx_word' id='word_1_30' title='bbox 743 771 801 809; x_wconf 90' lang='lat' dir='ltr'>non</span> <span class='ocrx_word' id='word_1_31' title='bbox 815 760 923 827; x_wconf 90' lang='lat' dir='ltr'>potest:</span> 
     </span>
     <span class='ocr_line' id='line_1_6' title="bbox 143 848 955 925; baseline -0.004 -19"><span class='ocrx_word' id='word_1_32' title='bbox 143 868 238 924; x_wconf 81' lang='lat' dir='ltr'>quare,</span> <span class='ocrx_word' id='word_1_33' title='bbox 259 869 295 908; x_wconf 90' lang='lat' dir='ltr'>ne</span> <span class='ocrx_word' id='word_1_34' title='bbox 315 850 345 907; x_wconf 88' lang='lat' dir='ltr'>iu</span> <span class='ocrx_word' id='word_1_35' title='bbox 366 868 396 907; x_wconf 89' lang='lat' dir='ltr'>re</span> <span class='ocrx_word' id='word_1_36' title='bbox 423 848 490 907; x_wconf 76' lang='lat' dir='ltr'>notri</span> <span class='ocrx_word' id='word_1_37' title='bbox 517 859 546 906; x_wconf 92' lang='lat' dir='ltr'>et</span> <span class='ocrx_word' id='word_1_38' title='bbox 571 848 737 925; x_wconf 70' lang='lat' dir='ltr'>pervulgati</span> <span class='ocrx_word' id='word_1_39' title='bbox 764 848 869 906; x_wconf 89' lang='lat' dir='ltr'>multus</span> <span class='ocrx_word' id='word_1_40' title='bbox 894 856 955 903; x_wconf 84' lang='lat' dir='ltr'>et5</span> 
     </span>
     <span class='ocr_line' id='line_1_7' title="bbox 142 944 924 1017; baseline -0.003 -15"><span class='ocrx_word' id='word_1_41' title='bbox 142 944 267 1003; x_wconf 85' lang='lat' dir='ltr'>insolens</span> <span class='ocrx_word' id='word_1_42' title='bbox 286 946 350 1017; x_wconf 89' lang='lat' dir='ltr'>sim,</span> <span class='ocrx_word' id='word_1_43' title='bbox 371 945 443 1004; x_wconf 82' lang='lat' dir='ltr'>louis</span> <span class='ocrx_word' id='word_1_44' title='bbox 463 956 506 1002; x_wconf 87' lang='lat' dir='ltr'>est</span> <span class='ocrx_word' id='word_1_45' title='bbox 526 946 663 1003; x_wconf 87' lang='lat' dir='ltr'>utendum</span> <span class='ocrx_word' id='word_1_46' title='bbox 684 944 790 1016; x_wconf 88' lang='lat' dir='ltr'>multis,</span> <span class='ocrx_word' id='word_1_47' title='bbox 809 944 924 1001; x_wconf 89' lang='lat' dir='ltr'>illustri·</span> 
     </span>
     <span class='ocr_line' id='line_1_8' title="bbox 141 1041 922 1118; baseline -0.001 -20"><span class='ocrx_word' id='word_1_48' title='bbox 141 1042 204 1114; x_wconf 92' lang='lat' dir='ltr'>bus,</span> <span class='ocrx_word' id='word_1_49' title='bbox 225 1043 382 1117; x_wconf 78' lang='lat' dir='ltr'>explicatis,</span> <span class='ocrx_word' id='word_1_50' title='bbox 403 1042 524 1099; x_wconf 91' lang='lat' dir='ltr'>modicis</span> <span class='ocrx_word' id='word_1_51' title='bbox 551 1041 721 1111; x_wconf 81' lang='lat' dir='ltr'>intervellis3</span> <span class='ocrx_word' id='word_1_52' title='bbox 750 1041 922 1118; x_wconf 82' lang='lat' dir='ltr'>imaginibus</span> 
     </span>
     <span class='ocr_line' id='line_1_9' title="bbox 141 1138 924 1215; baseline -0.001 -20"><span class='ocrx_word' id='word_1_53' title='bbox 141 1148 234 1196; x_wconf 83' lang='lat' dir='ltr'>nutem</span> <span class='ocrx_word' id='word_1_54' title='bbox 257 1139 416 1215; x_wconf 83' lang='lat' dir='ltr'>agentibus,</span> <span class='ocrx_word' id='word_1_55' title='bbox 432 1138 555 1209; x_wconf 81' lang='lat' dir='ltr'>acribus,</span> <span class='ocrx_word' id='word_1_56' title='bbox 573 1138 726 1215; x_wconf 92' lang='lat' dir='ltr'>insignitis,</span> <span class='ocrx_word' id='word_1_57' title='bbox 740 1156 802 1213; x_wconf 80' lang='lat' dir='ltr'>quae</span> <span class='ocrx_word' id='word_1_58' title='bbox 822 1156 924 1195; x_wconf 89' lang='lat' dir='ltr'>occur·</span> 
     </span>
     <span class='ocr_line' id='line_1_10' title="bbox 139 1233 921 1309; baseline 0 -20"><span class='ocrx_word' id='word_1_59' title='bbox 139 1250 212 1306; x_wconf 88' lang='lat' dir='ltr'>rere,</span> <span class='ocrx_word' id='word_1_60' title='bbox 243 1235 429 1309; x_wconf 84' lang='lat' dir='ltr'>celeriterque</span> <span class='ocrx_word' id='word_1_61' title='bbox 462 1244 612 1309; x_wconf 87' lang='lat' dir='ltr'>percutere</span> <span class='ocrx_word' id='word_1_62' title='bbox 646 1234 771 1290; x_wconf 75' lang='lat' dir='ltr'>culmum</span> <span class='ocrx_word' id='word_1_63' title='bbox 803 1233 921 1309; x_wconf 82' lang='lat' dir='ltr'>possint.</span> 
     </span>
     <span class='ocr_line' id='line_1_11' title="bbox 138 1328 970 1402; baseline 0.001 -14"><span class='ocrx_word' id='word_1_64' title='bbox 138 1328 237 1391; x_wconf 80' lang='lat' dir='ltr'>Quum</span> <span class='ocrx_word' id='word_1_65' title='bbox 260 1330 422 1387; x_wconf 81' lang='lat' dir='ltr'>fucultatem</span> <span class='ocrx_word' id='word_1_66' title='bbox 444 1339 473 1386; x_wconf 87' lang='lat' dir='ltr'>et</span> <span class='ocrx_word' id='word_1_67' title='bbox 491 1329 658 1387; x_wconf 82' lang='lat' dir='ltr'>exercitatio</span> <span class='ocrx_word' id='word_1_68' title='bbox 686 1328 780 1397; x_wconf 57' lang='lat' dir='ltr'>dabitt,</span> <span class='ocrx_word' id='word_1_69' title='bbox 808 1347 844 1384; x_wconf 82' lang='lat' dir='ltr'>ex</span> <span class='ocrx_word' id='word_1_70' title='bbox 867 1328 923 1402; x_wconf 71' lang='lat' dir='ltr'>qui</span> <span class='ocrx_word' id='word_1_71' title='bbox 939 1339 970 1389; x_wconf 85' lang='lat'>1⁰</span> 
     </span>
     <span class='ocr_line' id='line_1_12' title="bbox 139 1425 924 1502; baseline -0.003 -21"><span class='ocrx_word' id='word_1_72' title='bbox 139 1425 319 1483; x_wconf 85' lang='lat' dir='ltr'>consuetudo</span> <span class='ocrx_word' id='word_1_73' title='bbox 332 1426 474 1502; x_wconf 88' lang='lat' dir='ltr'>gignitur;</span> <span class='ocrx_word' id='word_1_74' title='bbox 495 1437 523 1483; x_wconf 88' lang='lat' dir='ltr'>et</span> <span class='ocrx_word' id='word_1_75' title='bbox 537 1425 672 1482; x_wconf 89' lang='lat' dir='ltr'>similium</span> <span class='ocrx_word' id='word_1_76' title='bbox 687 1425 834 1481; x_wconf 84' lang='lat' dir='ltr'>verborum</span> <span class='ocrx_word' id='word_1_77' title='bbox 856 1442 924 1480; x_wconf 91' lang='lat' dir='ltr'>con·</span> 
     </span>
     <span class='ocr_line' id='line_1_13' title="bbox 140 1519 923 1597; baseline 0.001 -20"><span class='ocrx_word' id='word_1_78' title='bbox 140 1540 222 1579; x_wconf 82' lang='lat' dir='ltr'>verra</span> <span class='ocrx_word' id='word_1_79' title='bbox 235 1531 264 1579; x_wconf 89' lang='lat' dir='ltr'>et</span> <span class='ocrx_word' id='word_1_80' title='bbox 278 1522 424 1579; x_wconf 81' lang='lat' dir='ltr'>Immutata</span> <span class='ocrx_word' id='word_1_81' title='bbox 444 1523 567 1592; x_wconf 77' lang='lat' dir='ltr'>casibus,</span> <span class='ocrx_word' id='word_1_82' title='bbox 583 1531 631 1577; x_wconf 84' lang='lat' dir='ltr'>aut</span> <span class='ocrx_word' id='word_1_83' title='bbox 651 1519 783 1578; x_wconf 84' lang='lat' dir='ltr'>traducta</span> <span class='ocrx_word' id='word_1_84' title='bbox 795 1538 831 1577; x_wconf 82' lang='lat' dir='ltr'>cx</span> <span class='ocrx_word' id='word_1_85' title='bbox 843 1530 923 1597; x_wconf 83' lang='lat' dir='ltr'>parte</span> 
     </span>
     <span class='ocr_line' id='line_1_14' title="bbox 142 1616 923 1694; baseline -0.003 -19"><span class='ocrx_word' id='word_1_86' title='bbox 142 1618 177 1675; x_wconf 84' lang='lat' dir='ltr'>ad</span> <span class='ocrx_word' id='word_1_87' title='bbox 197 1637 288 1694; x_wconf 89' lang='lat' dir='ltr'>genus</span> <span class='ocrx_word' id='word_1_88' title='bbox 308 1619 424 1691; x_wconf 77' lang='lat' dir='ltr'>notatio,</span> <span class='ocrx_word' id='word_1_89' title='bbox 439 1628 477 1689; x_wconf 88' lang='lat' dir='ltr'>et,</span> <span class='ocrx_word' id='word_1_90' title='bbox 492 1618 577 1675; x_wconf 92' lang='lat' dir='ltr'>nnius</span> <span class='ocrx_word' id='word_1_91' title='bbox 590 1617 668 1674; x_wconf 87' lang='lat' dir='ltr'>verbi</span> <span class='ocrx_word' id='word_1_92' title='bbox 687 1616 821 1693; x_wconf 83' lang='lat' dir='ltr'>imagine,</span> <span class='ocrx_word' id='word_1_93' title='bbox 834 1616 923 1674; x_wconf 91' lang='lat' dir='ltr'>totius</span> 
     </span>
     <span class='ocr_line' id='line_1_15' title="bbox 140 1713 921 1792; baseline 0 -20"><span class='ocrx_word' id='word_1_94' title='bbox 140 1714 288 1773; x_wconf 73' lang='lat' dir='ltr'>sententie</span> <span class='ocrx_word' id='word_1_95' title='bbox 309 1714 479 1787; x_wconf 84' lang='lat' dir='ltr'>informatio,</span> <span class='ocrx_word' id='word_1_96' title='bbox 499 1714 618 1792; x_wconf 89' lang='lat' dir='ltr'>pictoris</span> <span class='ocrx_word' id='word_1_97' title='bbox 644 1714 792 1791; x_wconf 82' lang='lat' dir='ltr'>cujusdam</span> <span class='ocrx_word' id='word_1_98' title='bbox 819 1713 921 1772; x_wconf 89' lang='lat' dir='ltr'>summi</span> 
     </span>
    </p>
   </div>
   <div class='ocr_carea' id='block_1_3' title="bbox 138 1803 1065 1986">
    <p class='ocr_par' dir='ltr' id='par_1_3' title="bbox 138 1803 1065 1986">
     <span class='ocr_line' id='line_1_16' title="bbox 139 1803 1065 1884; baseline 0.004 -16"><span class='ocrx_word' id='word_1_99' title='bbox 139 1812 250 1870; x_wconf 83' lang='lat' dir='ltr'>ratione</span> <span class='ocrx_word' id='word_1_100' title='bbox 270 1821 298 1869; x_wconf 90' lang='lat' dir='ltr'>et</span> <span class='ocrx_word' id='word_1_101' title='bbox 318 1813 412 1884; x_wconf 91' lang='lat' dir='ltr'>modo,</span> <span class='ocrx_word' id='word_1_102' title='bbox 433 1813 586 1870; x_wconf 84' lang='lat' dir='ltr'>formarum</span> <span class='ocrx_word' id='word_1_103' title='bbox 607 1812 742 1870; x_wconf 80' lang='lat' dir='ltr'>varietate</span> <span class='ocrx_word' id='word_1_104' title='bbox 767 1811 848 1870; x_wconf 89' lang='lat' dir='ltr'>locos</span> <span class='ocrx_word' id='word_1_105' title='bbox 867 1811 923 1870; x_wconf 91' lang='lat' dir='ltr'>dis·</span> <span class='ocrx_word' id='word_1_106' title='bbox 938 1823 969 1872; x_wconf 88' lang='lat'>15</span> <span class='ocrx_word' id='word_1_107' title='bbox 1062 1803 1065 1807; x_wconf 32' lang='lat'>¹</span> 
     </span>
     <span class='ocr_line' id='line_1_17' title="bbox 138 1909 304 1986; baseline 0.006 -20"><span class='ocrx_word' id='word_1_108' title='bbox 138 1909 304 1986; x_wconf 88' lang='lat' dir='ltr'>tinguentis.</span> 
     </span>
    </p>
   </div>
   <div class='ocr_carea' id='block_1_4' title="bbox 136 2102 967 3140">
    <p class='ocr_par' dir='ltr' id='par_1_4' title="bbox 136 2102 967 3140">
     <span class='ocr_line' id='line_1_18' title="bbox 178 2102 921 2178; baseline 0 -19"><span class='ocrx_word' id='word_1_109' title='bbox 178 2102 378 2160; x_wconf 86' lang='lat' dir='ltr'><strong>LXXXVIII.</strong></span> <span class='ocrx_word' id='word_1_110' title='bbox 410 2104 468 2161; x_wconf 85' lang='lat' dir='ltr'>Sed</span> <span class='ocrx_word' id='word_1_111' title='bbox 502 2105 651 2160; x_wconf 87' lang='lat' dir='ltr'>verborum</span> <span class='ocrx_word' id='word_1_112' title='bbox 685 2103 831 2172; x_wconf 82' lang='lat' dir='ltr'>memoria,</span> <span class='ocrx_word' id='word_1_113' title='bbox 858 2121 921 2178; x_wconf 82' lang='lat' dir='ltr'>qure</span> 
     </span>
     <span class='ocr_line' id='line_1_19' title="bbox 138 2197 921 2274; baseline -0.003 -19"><span class='ocrx_word' id='word_1_114' title='bbox 138 2198 233 2256; x_wconf 89' lang='lat' dir='ltr'>minus</span> <span class='ocrx_word' id='word_1_115' title='bbox 257 2209 300 2256; x_wconf 89' lang='lat' dir='ltr'>est</span> <span class='ocrx_word' id='word_1_116' title='bbox 327 2199 411 2256; x_wconf 89' lang='lat' dir='ltr'>nobis</span> <span class='ocrx_word' id='word_1_117' title='bbox 437 2200 610 2270; x_wconf 85' lang='lat' dir='ltr'>necessaria,</span> <span class='ocrx_word' id='word_1_118' title='bbox 631 2199 738 2274; x_wconf 85' lang='lat' dir='ltr'>majore</span> <span class='ocrx_word' id='word_1_119' title='bbox 764 2197 921 2274; x_wconf 76' lang='lat' dir='ltr'>imaginum</span> 
     </span>
     <span class='ocr_line' id='line_1_20' title="bbox 139 2294 920 2372; baseline -0.001 -21"><span class='ocrx_word' id='word_1_120' title='bbox 139 2295 274 2353; x_wconf 80' lang='lat' dir='ltr'>varietate</span> <span class='ocrx_word' id='word_1_121' title='bbox 294 2296 494 2372; x_wconf 86' lang='lat' dir='ltr'>distinguitur:</span> <span class='ocrx_word' id='word_1_122' title='bbox 518 2295 608 2352; x_wconf 84' lang='lat' dir='ltr'>multa</span> <span class='ocrx_word' id='word_1_123' title='bbox 634 2295 710 2352; x_wconf 91' lang='lat' dir='ltr'>enim</span> <span class='ocrx_word' id='word_1_124' title='bbox 737 2304 803 2355; x_wconf 87' lang='lat' dir='ltr'>sunt</span> <span class='ocrx_word' id='word_1_125' title='bbox 825 2294 920 2365; x_wconf 80' lang='lat' dir='ltr'>verba,</span> 
     </span>
     <span class='ocr_line' id='line_1_21' title="bbox 138 2373 966 2467; baseline -0.001 -18"><span class='ocrx_word' id='word_1_126' title='bbox 138 2409 210 2467; x_wconf 83' lang='lat' dir='ltr'>quae,</span> <span class='ocrx_word' id='word_1_127' title='bbox 232 2391 313 2466; x_wconf 81' lang='lat' dir='ltr'>qussi</span> <span class='ocrx_word' id='word_1_128' title='bbox 334 2391 456 2462; x_wconf 81' lang='lat' dir='ltr'>articuli,</span> <span class='ocrx_word' id='word_1_129' title='bbox 476 2373 653 2448; x_wconf 86' lang='lat' dir='ltr'>connectunt</span> <span class='ocrx_word' id='word_1_130' title='bbox 671 2391 798 2448; x_wconf 84' lang='lat' dir='ltr'>membra</span> <span class='ocrx_word' id='word_1_131' title='bbox 818 2390 921 2448; x_wconf 85' lang='lat' dir='ltr'>oratio·</span> <span class='ocrx_word' id='word_1_132' title='bbox 934 2398 966 2449; x_wconf 74' lang='lat'>20</span> 
     </span>
     <span class='ocr_line' id='line_1_22' title="bbox 137 2485 918 2563; baseline 0 -19"><span class='ocrx_word' id='word_1_133' title='bbox 137 2487 192 2559; x_wconf 89' lang='lat' dir='ltr'>nis,</span> <span class='ocrx_word' id='word_1_134' title='bbox 220 2506 282 2563; x_wconf 77' lang='lat' dir='ltr'>quse</span> <span class='ocrx_word' id='word_1_135' title='bbox 310 2487 424 2545; x_wconf 84' lang='lat' dir='ltr'>formari</span> <span class='ocrx_word' id='word_1_136' title='bbox 458 2486 644 2544; x_wconf 86' lang='lat' dir='ltr'>similitudine</span> <span class='ocrx_word' id='word_1_137' title='bbox 677 2485 755 2542; x_wconf 73' lang='lat' dir='ltr'>nulli</span> <span class='ocrx_word' id='word_1_138' title='bbox 782 2497 918 2562; x_wconf 86' lang='lat' dir='ltr'>possunt:</span> 
     </span>
     <span class='ocr_line' id='line_1_23' title="bbox 138 2581 920 2661; baseline 0 -21"><span class='ocrx_word' id='word_1_139' title='bbox 138 2601 238 2641; x_wconf 86' lang='lat' dir='ltr'>eorum</span> <span class='ocrx_word' id='word_1_140' title='bbox 263 2584 404 2661; x_wconf 64' lang='lat' dir='ltr'>fingendus</span> <span class='ocrx_word' id='word_1_141' title='bbox 430 2583 513 2640; x_wconf 91' lang='lat' dir='ltr'>nobis</span> <span class='ocrx_word' id='word_1_142' title='bbox 542 2592 608 2640; x_wconf 87' lang='lat' dir='ltr'>sunt</span> <span class='ocrx_word' id='word_1_143' title='bbox 641 2581 789 2659; x_wconf 86' lang='lat' dir='ltr'>imagines,</span> <span class='ocrx_word' id='word_1_144' title='bbox 816 2583 920 2658; x_wconf 87' lang='lat' dir='ltr'>quibus</span> 
     </span>
     <span class='ocr_line' id='line_1_24' title="bbox 138 2678 921 2757; baseline -0.003 -19"><span class='ocrx_word' id='word_1_145' title='bbox 138 2699 249 2757; x_wconf 88' lang='lat' dir='ltr'>semper</span> <span class='ocrx_word' id='word_1_146' title='bbox 275 2689 395 2738; x_wconf 83' lang='lat' dir='ltr'>utamur.</span> <span class='ocrx_word' id='word_1_147' title='bbox 437 2679 548 2736; x_wconf 89' lang='lat' dir='ltr'>Rerum</span> <span class='ocrx_word' id='word_1_148' title='bbox 575 2678 712 2736; x_wconf 82' lang='lat' dir='ltr'>memorio</span> <span class='ocrx_word' id='word_1_149' title='bbox 737 2679 851 2754; x_wconf 82' lang='lat' dir='ltr'>propris</span> <span class='ocrx_word' id='word_1_150' title='bbox 876 2688 921 2736; x_wconf 91' lang='lat' dir='ltr'>est</span> 
     </span>
     <span class='ocr_line' id='line_1_25' title="bbox 137 2773 919 2852; baseline -0.004 -17"><span class='ocrx_word' id='word_1_151' title='bbox 137 2778 274 2835; x_wconf 75' lang='lat' dir='ltr'>oratoris:</span> <span class='ocrx_word' id='word_1_152' title='bbox 309 2795 382 2848; x_wconf 81' lang='lat' dir='ltr'>eam,</span> <span class='ocrx_word' id='word_1_153' title='bbox 410 2775 530 2852; x_wconf 89' lang='lat' dir='ltr'>singulis</span> <span class='ocrx_word' id='word_1_154' title='bbox 554 2773 685 2849; x_wconf 91' lang='lat' dir='ltr'>personis</span> <span class='ocrx_word' id='word_1_155' title='bbox 710 2775 785 2832; x_wconf 90' lang='lat' dir='ltr'>bene</span> <span class='ocrx_word' id='word_1_156' title='bbox 809 2774 919 2850; x_wconf 83' lang='lat' dir='ltr'>positis,</span> 
     </span>
     <span class='ocr_line' id='line_1_26' title="bbox 136 2867 967 2950; baseline -0.001 -18"><span class='ocrx_word' id='word_1_157' title='bbox 136 2883 237 2932; x_wconf 72' lang='lat' dir='ltr'>notare</span> <span class='ocrx_word' id='word_1_158' title='bbox 262 2891 420 2950; x_wconf 86' lang='lat' dir='ltr'>possumus,</span> <span class='ocrx_word' id='word_1_159' title='bbox 442 2883 474 2929; x_wconf 89' lang='lat' dir='ltr'>ut</span> <span class='ocrx_word' id='word_1_160' title='bbox 494 2871 650 2928; x_wconf 83' lang='lat' dir='ltr'>sententias</span> <span class='ocrx_word' id='word_1_161' title='bbox 673 2867 855 2947; x_wconf 80' lang='lat' dir='ltr'>imaginibus,</span> <span class='ocrx_word' id='word_1_162' title='bbox 876 2888 920 2929; x_wconf 88' lang='lat' dir='ltr'>or·</span> <span class='ocrx_word' id='word_1_163' title='bbox 934 2881 967 2932; x_wconf 74' lang='lat'>25</span> 
     </span>
     <span class='ocr_line' id='line_1_27' title="bbox 138 2965 920 3044; baseline -0.004 -17"><span class='ocrx_word' id='word_1_164' title='bbox 138 2971 235 3027; x_wconf 83' lang='lat' dir='ltr'>dInem</span> <span class='ocrx_word' id='word_1_165' title='bbox 260 2968 342 3041; x_wconf 86' lang='lat' dir='ltr'>locis,</span> <span class='ocrx_word' id='word_1_166' title='bbox 367 2967 650 3044; x_wconf 84' lang='lat' dir='ltr'>comprehendamus.</span> <span class='ocrx_word' id='word_1_167' title='bbox 691 2965 794 3041; x_wconf 87' lang='lat' dir='ltr'>Neque</span> <span class='ocrx_word' id='word_1_168' title='bbox 822 2986 920 3025; x_wconf 86' lang='lat' dir='ltr'>verum</span> 
     </span>
     <span class='ocr_line' id='line_1_28' title="bbox 138 3063 920 3140; baseline -0.008 -15"><span class='ocrx_word' id='word_1_169' title='bbox 138 3074 191 3138; x_wconf 86' lang='lat' dir='ltr'>est,</span> <span class='ocrx_word' id='word_1_170' title='bbox 213 3065 289 3140; x_wconf 86' lang='lat' dir='ltr'>quod</span> <span class='ocrx_word' id='word_1_171' title='bbox 316 3067 352 3123; x_wconf 84' lang='lat' dir='ltr'>ub</span> <span class='ocrx_word' id='word_1_172' title='bbox 372 3064 511 3122; x_wconf 87' lang='lat' dir='ltr'>inertibus</span> <span class='ocrx_word' id='word_1_173' title='bbox 537 3063 654 3135; x_wconf 88' lang='lat' dir='ltr'>dicitur,</span> <span class='ocrx_word' id='word_1_174' title='bbox 677 3063 798 3138; x_wconf 82' lang='lat' dir='ltr'>opprimi</span> <span class='ocrx_word' id='word_1_175' title='bbox 817 3079 920 3120; x_wconf 88' lang='lat' dir='ltr'>memo·</span> 
     </span>
    </p>
   </div>
   <div class='ocr_carea' id='block_1_5' title="bbox 373 3159 420 3219">
    <p class='ocr_par' dir='ltr' id='par_1_5' title="bbox 373 3159 420 3219">
     <span class='ocr_line' id='line_1_29' title="bbox 373 3159 420 3219; baseline 0 -25"><span class='ocrx_word' id='word_1_176' title='bbox 373 3159 420 3219; x_wconf 63' lang='lat'>7*</span> 
     </span>
    </p>
   </div>
   <div class='ocr_carea' id='block_1_6' title="bbox 0 0 1088 3525">
    <p class='ocr_par' dir='ltr' id='par_1_6' title="bbox 0 0 1088 3525">
     <span class='ocr_line' id='line_1_30' title="bbox 0 0 1088 3525; baseline 0 0"><span class='ocrx_word' id='word_1_177' title='bbox 0 0 1088 3525; x_wconf 95' lang='lat' dir='ltr'> </span> 
     </span>
    </p>
   </div>
  </div>
 </body>
</html>
