2167 3525
129 252 211 315 nn]
409 252 457 311 ‚ne
479 252 643 317 emanere
925 241 965 303 17

63 432 65 436 ·
130 400 323 473 inferioribus,
337 420 405 473 oum
418 402 580 469 sexreliotos
592 400 729 473 sentiunt,
743 400 808 458 illoe
820 403 918 458 autern

124 498 231 559 dolent
251 499 394 557 eroldsae:
418 499 467 557 sed
489 498 577 557 etiem
597 497 790 573 superioribus
810 495 918 567 inride-

130 604 178 655 tur
198 613 273 671 sepe
292 594 485 671 vehementer,
500 605 528 653 et
548 613 585 651 eo
604 594 706 671 magis,
720 593 744 651 si
764 594 918 654 intoleran-

131 691 189 751 tius
203 711 232 749 se
244 692 363 769 jactent,
378 702 407 751 et
420 692 641 767 ae'quabilitatem
656 690 738 767 juris,
752 689 918 766 prestanti&

124 788 278 866 ¹dignitatis
306 800 355 847 eut
382 790 500 847 fortune
527 808 596 861 sure,
617 798 781 849 transeunt:
810 807 873 863 qnae
891 786 988 851 eififfi

125 884 333 946 ,inflammanda
353 895 429 957 sunt,
450 886 574 943 maxime
600 886 766 973 dicendum.
782 894 836 957 eet,
856 894 916 943 non

16 958 26 982 ⁵
129 1000 191 1039 ense
219 984 322 1040 virtute
349 993 445 1059 parta3
480 983 585 1041 deinde
615 984 701 1041 etiam
727 981 805 1041 vitiis
831 992 916 1058 atque

128 1078 273 1155 peooatis:
293 1090 365 1151 tum,
380 1080 403 1137 si
418 1089 501 1137 erunt
521 1079 686 1137 honestiora
706 1088 791 1154 atque
806 1078 917 1155 gravio-

15 1172 33 1192 ''
86 1194 88 1197 ·
126 1192 170 1245 ra,
194 1186 290 1233 tamen
318 1194 375 1235 non
402 1184 465 1235 esse
492 1185 572 1233 tanta
595 1176 653 1233 ulla
675 1176 786 1245 merite,
810 1184 918 1249 quanta
1021 1172 1033 1188 ⁰

128 1271 283 1337 insolentia
302 1273 435 1344 hominis,
457 1283 652 1347 quantumque
673 1272 826 1329 fastidium.
867 1271 915 1341 Ad
933 1278 965 1329 10

126 1370 287 1427 sedandum
315 1381 419 1442 autem,
447 1388 553 1446 magno
586 1370 636 1426 illa
667 1369 775 1440 labore,
803 1368 916 1444 magnis

23 1453 26 1457 ⁴
128 1466 274 1544 perieulis,
290 1483 352 1523 esee
366 1476 462 1541 parte;
485 1484 540 1523 neo
562 1466 598 1523 ed
617 1484 701 1521 suum
721 1464 916 1535 commodum,

128 1561 180 1619 sed
198 1562 238 1625 ¹ad
259 1562 391 1632 alioruin,
410 1580 473 1617 esso
494 1561 612 1629 collate;
637 1578 766 1635 seseque,
785 1560 810 1618 ei
831 1578 915 1634 quam

128 1657 250 1734 gloriam
268 1658 412 1733 peperisse
428 1658 566 1730 videatur,
579 1656 634 1713 etsi
648 1676 683 1714 ea
694 1675 754 1713 non
767 1656 804 1713 sit
817 1656 917 1731 iniqua

7 1819 16 1834 ,1
127 1773 240 1813 meroes
251 1754 390 1831 perieuli'
405 1765 500 1812 tamen
521 1754 556 1812 ed
576 1774 635 1814 non
655 1753 802 1826 delectari,
816 1764 917 1813 totam·
932 1762 963 1812 15

36 1873 38 1878 ¹
127 1870 183 1927 que
211 1852 335 1927 abjioere
363 1861 446 1926 atque
470 1853 630 1928 deponere:
658 1851 834 1926 omninoque
853 1869 916 1927 per·

16 1932 19 1940 ⁸
127 1947 283 2006 lioiendurn
309 1957 362 2019 est,
392 1947 537 2024 (quoniam
565 1947 694 2023 plerique
720 1957 788 2005 eunt
814 1946 915 2019 invidi,

126 2043 305 2119 maximeque
332 2053 376 2100 est
403 2045 458 2101 hoo
486 2062 639 2101 oommune
665 2043 776 2115 vitium,
800 2052 830 2099 et
852 2061 916 2118 per·

20 2150 22 2184 ῑ
127 2149 275 2216 vegetum
300 2138 456 2216 [invidetur
471 2151 565 2196 autem
579 2139 725 2214 prestanti
743 2137 915 2212 florentique

128 2236 278 2316 lortunae])
295 2246 325 2292 ut
339 2235 401 2294 haeo
421 2225 519 2311 opinio
539 2234 695 2304 minuatur,
709 2243 739 2290 et
752 2233 803 2290 illa
821 2232 914 2291 exoel·
929 2243 962 2295 20

20 2355 23 2375 ³
126 2332 189 2392 lens
209 2333 346 2408 opinione
367 2331 481 2390 fortuna
502 2349 567 2388 oum
588 2329 733 2388 laboribus
748 2340 777 2388 et
789 2329 913 2391 miseriis

125 2430 272 2505 permixta·
285 2447 348 2489 esse
369 2427 506 2494 videatur.
549 2426 615 2484 Jam
636 2426 835 2484 misericordia
853 2445 913 2487 mo·

126 2535 217 2597 retur,
231 2525 256 2582 si
270 2525 304 2596 ie,
320 2525 368 2600 qui
389 2525 477 2595 audit,
493 2524 597 2582 adduoi
616 2533 718 2599 potest,
735 2534 765 2580 ut
778 2523 836 2596 illa,
849 2542 913 2600 que

125 2621 163 2681 de
183 2622 273 2680 altero
290 2621 486 2696 deplorentur,
502 2621 537 2678 ad
551 2639 618 2678 snae
637 2639 683 2678 res
703 2629 828 2690 revocet,
841 2638 913 2695 qnae

124 2729 175 2778 eut
201 2718 299 2786 tulerit
327 2719 453 2788 acerbas,
481 2727 528 2774 aut
561 2717 677 2786 timeat3
711 2725 769 2789 ant,
796 2716 913 2776 intuens
926 2727 960 2780 z

24 2827 28 2836 '
123 2816 232 2887 aliam„
245 2813 348 2888 erebro
369 2815 403 2872 ad
425 2815 550 2890 seipsum
571 2823 735 2873 revertatur.
764 2809 831 2889 .Ita',
844 2833 918 2875 oum.

13 2964 34 2992 v.
124 2912 231 2989 singuli
253 2927 342 2970 oasus
358 2911 557 2988 «hemeriorum
585 2910 763 2970 miseriarum
788 2909 912 2993 graviter

40 3047 44 3052 -
125 3008 317 3084 eooipiuntum
331 3007 358 3072 si
370 3007 504 3069 dicuntur
525 3006 665 3079 dolenter,
678 3016 740 3066 tarn
761 3006 911 3078 afflictent

361 3101 408 3162 2*
493 3107 495 3110 ’
