2167 3525
466 270 509 317 na
532 269 695 317 onarons.
891 270 974 331 [nn

194 417 219 478 si
233 416 373 495 equidem,
387 426 448 475 tum
462 436 634 496 magnopere
647 418 755 477 moveri
771 417 893 496 judices,
907 437 974 478 cum

194 512 316 572 excitavi
336 524 467 576 moestum
489 534 522 573 ac
542 515 717 573 sordidatum
737 534 845 584 senem,
859 524 888 573 et
907 532 975 573 cum

194 611 249 669 ista
269 610 333 685 feci,
354 630 416 687 quae
438 622 479 685 tu,
501 612 614 684 Crasse,
634 612 743 684 laudas,
763 630 822 669 non
848 622 918 685 arte,
938 611 975 669 de

194 709 250 785 quis
271 710 338 784 quid
358 710 457 785 loquar
477 710 587 781 nescio,
601 711 652 774 sed
671 719 751 776 motu
768 728 873 787 magno
888 710 974 767 animi

163 812 179 861 5
195 824 229 864 ac
242 806 350 877 dolore,
364 816 396 863 ut
416 806 606 864 discinderem
626 806 764 877 tunicam,
778 816 810 864 ut
823 805 975 864 cicatrices

189 902 381 960 ostenderem.
423 902 497 961 Cum
518 902 552 961 0.
573 902 684 960 Marius
701 918 851 961 moerorem
869 902 976 960 orado-

193 998 238 1057 ni's
265 1016 335 1057 meae
360 1018 485 1075 presens
512 1018 547 1057 ac
573 999 675 1057 sedens
698 999 819 1057 multum
841 999 975 1075 lacrymis

191 1094 253 1153 anis
274 1096 433 1173 adjuvarem
461 1114 583 1172 cunique
606 1114 671 1173 ego,
693 1095 773 1153 illum
800 1096 901 1153 crebro
928 1114 976 1171 ap-

192 1192 311 1268 pella'ns,
326 1192 465 1269 collegam
485 1192 513 1249 ei
533 1210 615 1249 suum
636 1191 875 1264 commendarem,
890 1200 975 1267 atque

147 1295 178 1345 10
193 1288 285 1363 ipsum
313 1288 481 1347 advocatum
505 1289 540 1345 ad
565 1274 747 1345 communem
772 1288 975 1364 imperatorum
1077 1351 1078 1368 ,

192 1386 336 1444 fortunam
349 1386 558 1444 delendendarn
571 1386 750 1455 invocarem3
771 1403 830 1442 non
844 1384 975 1443 suithes
1077 1371 1078 1388 ¹

144 1494 146 1501 ’
192 1482 255 1541 sine
282 1473 354 1541 meis
379 1483 522 1559 lacrymis,
530 1510 535 1560 '.
549 1500 608 1540 non
634 1482 697 1539 sine
729 1481 826 1539 dolore
857 1498 973 1558 magno,

192 1580 346 1651 miseratio,
366 1580 551 1655 omniumque
576 1578 705 1636 Deorum
723 1588 758 1635 et
777 1577 925 1635 hominum
945 1587 974 1635 et

192 1676 297 1733 civium
311 1684 340 1732 et
359 1676 501 1735 sociorum
523 1675 699 1750 imploratio:
715 1674 823 1749 quibus
842 1674 974 1754 omnibus

146 1776 177 1826 15
192 1772 294 1844 verbio,
322 1791 384 1847 quae
412 1791 429 1829 a
454 1789 500 1828 me
526 1780 587 1828 tum
613 1780 679 1827 sunt
708 1770 813 1840 habita,
841 1770 866 1826 si
892 1770 972 1828 dolor

189 1868 328 1926 dbfuisset
348 1885 438 1939 meus,
459 1885 517 1925 non
538 1867 624 1924 modo
642 1885 703 1924 non
722 1866 901 1938 miserabilis,
921 1867 973 1925 sed

191 1963 277 2024 etiam
304 1965 458 2036 irridenda,
485 1964 584 2021 suisset
617 1963 713 2020 oratio·
739 1981 811 2022 mea
862 1963 973 2026 Quam·
1026 1953 1028 1956 ’

186 2059 289 2117 'obrem
310 2059 365 2116 hoc
377 2079 434 2129 ¹vcs
454 2058 556 2129 doceo,
578 2057 698 2132 Sulpici,
713 2057 805 2114 bonus
824 2075 879 2134 ego
897 2057 973 2120 vide·

191 2155 259 2214 licet
292 2165 374 2231 atque
408 2155 535 2212 eruditus
563 2154 707 2230 magister,
735 2163 777 2210 ut„
792 2153 823 2211 in
849 2154 972 2219 dicendo

145 2257 177 2306 20
191 2252 339 2322 irasci,'ut
359 2251 465 2322 dolere,
486 2261 518 2308 ut
537 2250 616 2321 flere,
635 2251 757 2327 possitis.
796 2250 973 2326 Quanquam

191 2347 347 2422 tequidem
368 2347 436 2422 qnid
457 2347 512 2404 hoc
532 2347 662 2418 doceam,
679 2348 737 2423 qui,
758 2347 788 2404 in
808 2348 972 2407 accusando

182 2443 282 2501 'sodali
302 2453 331 2500 et
351 2455 490 2516 questore
502 2433 585 2513 meo,
599 2453 711 2500 tantum
729 2442 895 2500 incendium
912 2462 972 2502 non

192 2539 321 2598 oratione
345 2538 446 2608 solum,
471 2537 521 2593 sed
543 2537 634 2594 multo
660 2538 746 2594 etiam
769 2539 860 2614 magis
883 2538 921 2610 vi,
942 2549 972 2604 et

192 2636 300 2706 dolore,
315 2644 344 2692 et
358 2634 457 2691 ardore
478 2632 566 2690 animi
587 2633 757 2704 concitiras,
770 2643 803 2692 nt
821 2652 876 2710 ego
892 2635 927 2692 ad
942 2635 972 2694 id

145 2746 178 2796 25
191 2722 425 2808 restinguendum
445 2731 491 2787 vix
511 2747 629 2786 conarer
650 2729 807 2787 accederel
856 2729 973 2790 Habue-

191 2841 238 2884 ras
258 2825 335 2883 enirn
354 2833 414 2882 tum
434 2825 531 2882 omnia
550 2824 580 2882 in
602 2824 689 2882 canai
714 2823 877 2900 superiora:
904 2825 971 2899 nim,

191 2921 299 2999 mgna,
319 2921 532 2998 lapidationem,
556 2918 753 2980 crudelitatem
779 2921 971 2994 tribuniciam,
1077 2928 1078 2997 ξ

183 3017 225 3080 aa
242 3018 387 3097 capionis
413 3019 492 3098 gravi
515 3017 726 3096 miserabilique
745 3037 824 3094 casu,
844 3018 875 3106 in
898 3019 971 3099 judi·
