2167 3525
480 272 524 319 nn
546 271 708 320 omum
907 275 991 335 [un

210 418 385 481 satisfactum
412 441 471 481 non
494 424 541 497 sit,
566 424 657 483 multo
681 425 746 500 plue
768 425 858 483 sitin
880 425 991 503 ruique

210 518 297 577 coust
323 518 517 577 laborandum.
559 519 638 577 Male
663 520 741 578 enim
767 540 798 578 ee
823 539 870 579 reo
892 523 989 594 hebet,

209 633 271 689 quae
292 633 350 672 uon
370 616 475 688 statim,
494 627 525 675 ut
545 617 604 674 diei
624 628 717 693 ooepte
735 627 788 689 eet,
807 618 908 676 melior
926 618 990 677 fieri

209 710 327 770 videtur.
374 712 462 790 Ergo,
483 724 514 771 ut
533 713 564 770 ip
583 723 696 770 oratore
716 714 840 790 optimus
858 714 988 791 quinque,

176 806 251 865 teio
283 818 312 865 et
345 808 374 865 in
408 808 548 880 oratioue,
575 810 767 867 firmissimum
792 811 925 886 quodque
950 812 989 869 eit

207 903 345 979 prImum3
367 904 434 961 dum
454 904 524 963 iilud
544 916 640 963 tumen
660 906 690 965 in
710 917 830 981 utroque
846 917 988 980 teneatur,

207 1009 302 1072 uteo,
323 1020 385 1076 quae
407 1001 558 1073 excellant,
579 1014 725 1061 serventur
744 1002 830 1060 etium
852 1004 886 1060 ud
905 1022 989 1079 pero·

207 1094 342 1155 randum:
364 1097 388 1156 si
408 1116 470 1173 qnae
490 1109 574 1156 erunt
592 1099 758 1171 mediocria,
779 1098 859 1175 (nam
878 1100 989 1159 uitiosis

206 1210 346 1269 nusquam
360 1212 422 1251 esse
436 1204 547 1271 oportet
559 1194 668 1274 locum)
682 1195 711 1252 in
725 1196 851 1253 medinm
863 1197 987 1270 turbam,

160 1300 191 1351 lo
207 1301 290 1366 utque
304 1290 334 1348 in
348 1308 473 1368 gregem,
489 1292 688 1368 oonjioiantur.

245 1386 336 1447 Hisoe
357 1388 489 1445 omnibus
509 1389 594 1445 rebus
614 1387 811 1460 consideratu,
825 1399 887 1447 tum
906 1390 986 1447 deni·

207 1502 262 1559 que
276 1483 315 1556 id,
330 1484 405 1559 quod
425 1484 547 1560 primum
567 1495 611 1541 est
630 1484 793 1553 dicendum,
812 1495 986 1560 postremum

207 1581 285 1640 soleo
296 1581 432 1659 eogiture,
447 1600 503 1656 quo
516 1591 579 1639 uter
592 1581 723 1639 exordio:
743 1600 820 1652 nam,
834 1581 858 1639 oi
873 1582 986 1657 quando

206 1677 235 1734 id
249 1677 370 1753 primum
392 1676 519 1735 invenire
533 1677 619 1749 volui,
634 1677 742 1735 nullum
761 1677 832 1735 mihi
850 1679 984 1749 emunit,

161 1787 190 1834 15
205 1773 261 1830 nisi
275 1784 323 1832 aut
336 1774 420 1844 exile,
436 1784 483 1832 out
496 1774 686 1850 nugatorium,
698 1785 747 1832 out
759 1775 885 1852 vulgare,
900 1786 985 1852 utque

206 1885 365 1928 commune.

245 2059 414 2122 LXXVIII.
444 2063 590 2140 Principio
611 2074 705 2121 autem
731 2064 847 2122 dicendi
873 2085 985 2142 semper

190 2154 273 2220 'eum
294 2169 437 2233 aeourota,
458 2170 487 2217 et
507 2170 600 2232 anuto,
619 2171 649 2218 et
668 2161 806 2219 instructo
825 2163 984 2234 sententiis,

208 2268 272 2334 apta
297 2257 398 2329 verbis,
422 2268 482 2315 tum
509 2275 576 2315 vero
603 2276 753 2316 causarum
778 2258 901 2335 propria,
921 2277 985 2316 esse

158 2370 191 2422 ω
207 2355 318 2412 debent.
360 2354 456 2412 Prima
469 2364 510 2411 est
529 2354 606 2410 enim
625 2355 705 2430 quasi
725 2355 853 2432 oognitio
866 2365 895 2413 et
908 2374 986 2414 eom·

206 2448 351 2506 mendatio
371 2449 506 2506 orationis
533 2449 564 2506 in
588 2449 822 2526 principioque
848 2451 986 2509 contiuuo

206 2564 281 2615 eum,
297 2545 344 2619 qui
360 2544 447 2614 audit,
462 2544 639 2618 permulcere
659 2555 741 2621 atque
762 2546 877 2604 allioere
890 2547 987 2605 debet.

207 2642 242 2698 In
262 2659 319 2716 quo
339 2639 471 2697 admirari
492 2637 580 2710 soleo,
601 2660 659 2698 non
678 2641 809 2716 equidem
836 2643 914 2714 istos,
935 2645 985 2718 qui

206 2739 311 2796 nullam
331 2736 398 2792 huie
418 2736 459 2792 rei
479 2753 593 2810 operam
614 2737 762 2809 dederunt,
777 2739 826 2796 sed
840 2739 986 2798 hominem

158 2855 189 2908 25
206 2835 235 2892 in
255 2833 354 2908 primis
373 2832 509 2889 disertum
531 2843 614 2907 utque
638 2833 790 2905 eruditum,
810 2834 984 2910 Philippum,

206 2931 254 3005 qui
280 2929 321 2986 ita
346 2928 419 2986 solet
446 2927 480 2985 ad
507 2928 661 2986 dicendum
687 2947 812 3006 surgere,
839 2941 880 3002 ut,
907 2932 984 3006 quod

205 3026 325 3103 ptimum
351 3025 467 3082 verbum
495 3024 642 3082 habiturus
667 3025 713 3098 eit,
736 3027 862 3098 nesoiut;
892 3038 922 3086 et
944 3028 983 3085 ait
